1319 2365
571 11 340 56 DEBAT

149 63 1148 104 lui uſt nié pluſieurs graces, qui ne la faiſoient

151 147 1146 91 indine de toute bonne compagnie, ſi eſt ce

155 228 1138 95 qu’elle ne vouloit plaire à autre qu’à celui

153 303 1144 95 qui la tenoit priſonniere. I’en ay connu une

157 386 1142 88 autre, laquelle abſente de ſon ami, n’alloit ia¬

151 465 1142 82 mais dehors qu’acompagnee de quelcun

149 541 1142 91 des amis & domeſtiques de ſon bien aymé:

153 618 1144 83 voulant touſiours rendre témoignage de la

151 695 1152 97 foy qu’elle lui portoit. En ſomme, quand

147 774 1150 95 cette afeccion eſt imprimee en un cœur ge¬

151 853 1146 87 nereus d’une Dame, elle y eſt ſi forte, qu’à

159 930 1140 96 peine ſe peut elle efacer. Mais le mal eſt,

155 1007 1142 96 que le plus ſouuent elles rencontrent ſi mal:

155 1089 1138 93 que plus ayment, & moins ſont aymees. Il y

153 1164 1150 97 aura quelcun, qui ſera bien aiſe leur donner

153 1241 1148 87 martel en teſte, & fera ſemblant d’aymer

149 1320 1152 93 ailleurs, & n’en tiendra conte. Alors les po¬

151 1397 1152 96 urettes entrent en eſtranges fantaſies: ne

157 1478 1146 90 peuuent ſi aisément ſe defaire des hommes,

153 1551 1150 96 comme les hommes des femmes, n’ayans la

155 1633 1144 91 commodité de s’eſlongner & cõmencer au¬

157 1716 1144 85 tre parti, chaſſans Amour auec autre Amour.

159 1791 1142 89 Elles blament tous les hommes pour un.

159 1864 1144 95 Elles apellent foles celles qui ayment. Mau¬

157 1947 1146 90 diſſent le iour que premieremẽt elles ayme¬

157 2024 1150 100 rẽt. Proteſtẽt de iamais n’aymer: mais celà ne

1224 2108 87 81 leur
