<?xml version="1.0" encoding="UTF-8"?>
<alto xmlns:xsi="http://www.w3.org/2001/XMLSchema-instance"
      xmlns="http://www.loc.gov/standards/alto/ns-v4#"
      xsi:schemaLocation="http://www.loc.gov/standards/alto/ns-v4# http://www.loc.gov/standards/alto/v4/alto-4-2.xsd">
  <Description>
    <MeasurementUnit>pixel</MeasurementUnit>
    <sourceImageInformation>
      <fileName>101.jpg</fileName>
      
    </sourceImageInformation>
  </Description>
  
  <Tags>
    <OtherTag ID="BT4319" LABEL="RunningTitleZone" DESCRIPTION="block type RunningTitleZone"/><OtherTag ID="BT4318" LABEL="QuireMarksZone" DESCRIPTION="block type QuireMarksZone"/><OtherTag ID="BT4317" LABEL="NumberingZone" DESCRIPTION="block type NumberingZone"/><OtherTag ID="BT4316" LABEL="MarginTextZone" DESCRIPTION="block type MarginTextZone"/><OtherTag ID="BT4315" LABEL="MainZone" DESCRIPTION="block type MainZone"/><OtherTag ID="BT4314" LABEL="GraphicZone" DESCRIPTION="block type GraphicZone"/><OtherTag ID="BT4313" LABEL="DropCapitalZone" DESCRIPTION="block type DropCapitalZone"/><OtherTag ID="BT4321" LABEL="TitlePageZone" DESCRIPTION="block type TitlePageZone"/><OtherTag ID="BT4320" LABEL="StampZone" DESCRIPTION="block type StampZone"/>
    <OtherTag ID="LT1422" LABEL="DefaultLine" DESCRIPTION="line type DefaultLine"/><OtherTag ID="LT1421" LABEL="DropCapitalLine" DESCRIPTION="line type DropCapitalLine"/><OtherTag ID="LT1420" LABEL="HeadingLine" DESCRIPTION="line type HeadingLine"/>
  </Tags>
  
  <Layout>
    <Page WIDTH="1318"
          HEIGHT="2356"
          PHYSICAL_IMG_NR="99"
          ID="eSc_dummypage_">
      <PrintSpace HPOS="0"
                  VPOS="0"
                  WIDTH="1318"
                  HEIGHT="2356">
        
        <TextBlock HPOS="1139"
                   VPOS="31"
                   WIDTH="84"
                   HEIGHT="61"
                   ID="eSc_textblock_27d851e4"
                   TAGREFS="BT4317">
          <Shape><Polygon POINTS="1215 31 1223 68 1147 92 1139 31"/></Shape>
          
          
          <TextLine ID="eSc_line_6d609e05"
                    TAGREFS="LT1422"
                    BASELINE="1151 70 1213 66" 
                    HPOS="1145"
                    VPOS="13"
                    WIDTH="68"
                    HEIGHT="79">
            <Shape><Polygon POINTS="1151 70 1145 13 1209 17 1213 66 1213 88 1151 92"/></Shape>
	    <String CONTENT="91"
                    HPOS="1145"
                    VPOS="13"
                    WIDTH="68"
                    HEIGHT="79"></String>
          </TextLine>

          
        </TextBlock>
        
        <TextBlock HPOS="15"
                   VPOS="90"
                   WIDTH="1169"
                   HEIGHT="2033"
                   ID="eSc_textblock_2a7db8bd"
                   TAGREFS="BT4315">
          <Shape><Polygon POINTS="527 90 834 110 1126 106 1184 125 1170 2097 1056 2110 1029 2123 39 2110 15 2087 23 125 178 94 275 105 379 99"/></Shape>
          
          
          <TextLine ID="eSc_line_d17eebaf"
                    TAGREFS="LT1420"
                    BASELINE="182 68 477 60 980 66" 
                    HPOS="178"
                    VPOS="-3"
                    WIDTH="802"
                    HEIGHT="77">
            <Shape><Polygon POINTS="182 68 178 5 978 -3 980 66 978 72 180 74"/></Shape>
	    <String CONTENT="DE FOLIE ET D&#x27;AMOVR."
                    HPOS="178"
                    VPOS="-3"
                    WIDTH="802"
                    HEIGHT="77"></String>
          </TextLine>

          
          
          <TextLine ID="eSc_line_4aab9a90"
                    TAGREFS="LT1422"
                    BASELINE="27 170 412 151 1168 155" 
                    HPOS="23"
                    VPOS="74"
                    WIDTH="1145"
                    HEIGHT="104">
            <Shape><Polygon POINTS="27 170 23 102 117 100 166 80 166 80 168 80 168 80 170 80 170 80 170 80 172 80 172 80 172 80 174 80 174 80 184 88 194 80 194 80 196 80 196 80 196 80 198 80 198 80 200 80 200 80 200 80 202 80 202 80 202 80 204 80 204 80 225 100 278 100 328 78 328 78 329 78 329 78 329 78 331 78 331 78 333 78 333 78 333 78 335 78 363 98 459 98 477 80 477 78 477 78 479 78 479 78 479 78 481 78 481 78 483 78 630 78 630 78 630 78 630 78 689 92 734 78 736 78 736 78 736 78 738 78 738 78 740 78 740 78 773 92 805 76 805 76 805 76 807 76 807 76 809 76 809 76 809 76 811 76 811 76 813 76 813 76 813 78 828 92 856 80 856 80 858 80 858 80 858 80 860 80 860 80 862 80 862 80 887 90 919 76 919 76 921 76 921 76 921 76 1025 74 1027 74 1027 74 1029 74 1029 74 1029 74 1031 74 1031 74 1052 94 1166 94 1168 155 1166 159 946 172 946 174 819 174 817 172 817 172 815 172 815 172 797 166 781 160 754 166 726 172 726 172 726 172 724 172 724 172 722 172 722 172 722 172 720 172 714 166 703 160 656 168 628 172 628 172 626 172 626 172 626 172 624 172 624 172 616 168 599 162 455 162 436 172 434 172 434 172 434 172 432 172 432 172 430 172 430 172 422 172 333 162 308 174 302 176 302 176 300 176 300 176 300 176 298 176 269 174 170 168 27 178"/></Shape>
	    <String CONTENT="leur dure gueres. Elles remettent inconti¬"
                    HPOS="23"
                    VPOS="74"
                    WIDTH="1145"
                    HEIGHT="104"></String>
          </TextLine>

          
          
          <TextLine ID="eSc_line_ccc9f1de"
                    TAGREFS="LT1422"
                    BASELINE="29 245 402 229 415 229 1168 229" 
                    HPOS="25"
                    VPOS="162"
                    WIDTH="1141"
                    HEIGHT="95">
            <Shape><Polygon POINTS="27 243 27 257 131 247 206 255 208 255 210 255 263 241 390 241 402 251 402 253 404 253 406 253 408 253 498 239 612 239 624 249 624 251 626 251 628 251 630 251 703 239 1162 247 1166 227 1162 176 891 176 876 164 876 162 874 162 872 162 870 162 868 162 834 176 732 162 730 162 667 176 526 164 524 164 522 164 520 164 520 166 510 176 443 178 404 180 392 180 312 166 310 166 308 166 284 176 163 168 161 168 159 168 157 168 143 180 143 182 25 182 27 243"/></Shape>
	    <String CONTENT="nent deuant les yeus ce qu’elles ont tant ay¬"
                    HPOS="25"
                    VPOS="162"
                    WIDTH="1141"
                    HEIGHT="95"></String>
          </TextLine>

          
          
          <TextLine ID="eSc_line_f4641b4b"
                    TAGREFS="LT1422"
                    BASELINE="27 321 496 306 1168 312" 
                    HPOS="23"
                    VPOS="239"
                    WIDTH="1145"
                    HEIGHT="94">
            <Shape><Polygon POINTS="27 321 23 259 94 243 94 243 94 243 96 243 96 243 98 243 98 243 98 243 100 243 100 243 100 245 109 253 216 243 216 243 218 243 218 243 219 243 219 243 253 257 343 257 489 241 489 241 491 241 685 253 720 241 720 241 722 241 722 241 724 241 724 241 724 241 726 241 766 253 828 239 828 239 830 239 1021 239 1021 239 1021 239 1023 239 1023 239 1023 239 1025 239 1025 239 1039 251 1129 241 1129 241 1131 241 1131 241 1131 241 1133 241 1168 253 1168 312 1164 323 936 318 783 327 748 329 746 329 716 327 573 320 524 329 522 329 522 329 522 329 520 329 520 329 518 329 461 320 398 331 392 331 392 331 390 331 390 331 390 331 388 331 388 331 388 331 386 331 386 331 386 331 375 321 178 321 27 333"/></Shape>
	    <String CONTENT="mé. Si elles ont quelque enſeigne de lui, elles"
                    HPOS="23"
                    VPOS="239"
                    WIDTH="1145"
                    HEIGHT="94"></String>
          </TextLine>

          
          
          <TextLine ID="eSc_line_997ba433"
                    TAGREFS="LT1422"
                    BASELINE="31 398 379 384 1168 390" 
                    HPOS="27"
                    VPOS="320"
                    WIDTH="1141"
                    HEIGHT="84">
            <Shape><Polygon POINTS="31 398 27 335 149 320 149 320 151 320 151 320 153 320 153 320 186 331 308 320 310 320 408 320 408 320 408 320 410 320 410 320 410 320 412 320 412 320 412 321 424 331 493 320 493 320 494 320 494 320 494 320 496 320 496 320 498 320 514 329 573 320 573 320 575 320 575 320 575 320 577 320 577 320 577 320 579 320 579 320 593 331 659 320 659 320 659 320 661 320 661 320 663 320 705 329 844 320 846 320 846 320 846 320 848 320 848 320 848 320 850 320 850 320 860 329 891 321 893 321 893 321 895 321 1060 331 1090 320 1090 320 1092 320 1092 320 1092 320 1094 320 1094 320 1166 333 1168 390 1166 404 31 404"/></Shape>
	    <String CONTENT="la baiſent, rebaiſent, ſement de larmes, s’en"
                    HPOS="27"
                    VPOS="320"
                    WIDTH="1141"
                    HEIGHT="84"></String>
          </TextLine>

          
          
          <TextLine ID="eSc_line_490c5712"
                    TAGREFS="LT1422"
                    BASELINE="29 473 347 463 1170 465" 
                    HPOS="27"
                    VPOS="394"
                    WIDTH="1143"
                    HEIGHT="88">
            <Shape><Polygon POINTS="29 473 27 400 166 408 182 400 196 394 196 394 196 394 198 394 198 394 200 394 200 394 200 394 202 394 202 394 202 394 214 400 227 408 243 400 257 394 257 394 259 394 259 394 259 394 261 394 261 394 261 394 263 394 284 400 296 404 318 402 363 394 363 394 365 394 365 394 365 394 367 394 367 394 367 394 369 394 369 394 369 396 375 402 383 410 428 410 481 402 553 394 553 394 555 394 555 394 555 394 557 394 557 394 577 402 591 408 618 404 667 394 667 394 669 394 669 394 669 394 671 394 671 394 693 404 703 408 726 404 771 396 771 396 773 396 773 396 773 396 813 404 826 408 830 404 840 396 840 394 840 394 842 394 842 394 842 394 844 394 844 394 846 394 901 394 901 394 901 394 903 394 903 394 905 394 905 394 919 406 923 408 925 406 942 394 944 394 944 394 944 394 946 394 946 394 948 394 1003 394 1003 394 1003 394 1005 394 1005 394 1005 394 1007 394 1023 406 1029 408 1166 408 1170 465 1168 481 178 473 29 482"/></Shape>
	    <String CONTENT="font un cheuet &amp; oreiller, &amp; s’eſcoutent"
                    HPOS="27"
                    VPOS="394"
                    WIDTH="1143"
                    HEIGHT="88"></String>
          </TextLine>

          
          
          <TextLine ID="eSc_line_51f6f586"
                    TAGREFS="LT1422"
                    BASELINE="29 551 363 539 1168 545" 
                    HPOS="23"
                    VPOS="471"
                    WIDTH="1145"
                    HEIGHT="88">
            <Shape><Polygon POINTS="29 551 23 488 80 473 82 473 82 473 84 473 84 473 84 473 86 473 86 473 86 473 88 473 88 473 104 484 119 473 119 473 121 473 121 473 121 473 123 473 123 473 125 473 125 473 125 473 198 486 223 471 225 471 225 471 225 471 227 471 227 471 229 471 298 471 298 471 298 471 300 471 300 471 300 471 302 471 302 471 302 473 316 486 351 471 351 471 353 471 353 471 355 471 400 471 400 471 400 471 402 471 402 471 402 471 404 471 404 471 420 484 434 475 434 473 434 473 436 473 436 473 438 473 438 473 438 473 439 473 439 473 441 473 491 486 510 471 510 471 512 471 512 471 514 471 514 471 514 471 516 471 516 471 518 471 518 471 561 488 707 488 724 473 724 471 726 471 726 471 726 471 728 471 728 471 730 471 787 471 787 471 787 471 789 471 789 471 789 471 791 471 791 471 811 488 929 488 970 471 970 471 972 471 972 471 974 471 974 471 974 471 976 471 976 471 1013 486 1052 471 1052 471 1054 471 1054 471 1054 471 1056 471 1056 471 1166 488 1168 545 1166 559 27 559"/></Shape>
	    <String CONTENT="elles meſmes pleingnantes leurs miſerables"
                    HPOS="23"
                    VPOS="471"
                    WIDTH="1145"
                    HEIGHT="88"></String>
          </TextLine>

          
          
          <TextLine ID="eSc_line_9c83a847"
                    TAGREFS="LT1422"
                    BASELINE="29 626 251 618 1166 622" 
                    HPOS="25"
                    VPOS="545"
                    WIDTH="1141"
                    HEIGHT="91">
            <Shape><Polygon POINTS="29 626 25 561 192 545 194 545 194 545 194 545 196 545 196 545 196 545 198 545 198 545 198 547 210 557 314 547 314 547 316 547 316 547 318 547 318 547 318 547 343 561 343 561 347 561 414 547 414 547 416 547 416 547 416 547 481 561 485 563 630 563 632 561 699 547 699 547 699 547 701 547 701 547 703 547 703 547 742 561 795 547 797 547 797 547 799 547 799 547 799 547 801 547 844 561 844 563 848 563 899 563 915 549 915 547 915 547 917 547 917 547 919 547 919 547 919 547 921 547 921 547 923 547 923 547 956 559 980 547 980 547 980 547 982 547 982 547 982 547 984 547 984 547 1082 561 1127 547 1129 547 1129 547 1129 547 1131 547 1131 547 1131 547 1133 547 1133 547 1166 563 1166 622 1164 628 27 636"/></Shape>
	    <String CONTENT="deſtreſſes. Combien en vóy ie, qui ſe reti¬"
                    HPOS="25"
                    VPOS="545"
                    WIDTH="1141"
                    HEIGHT="91"></String>
          </TextLine>

          
          
          <TextLine ID="eSc_line_9a0b4e9d"
                    TAGREFS="LT1422"
                    BASELINE="27 702 259 695 1168 702" 
                    HPOS="23"
                    VPOS="622"
                    WIDTH="1145"
                    HEIGHT="96">
            <Shape><Polygon POINTS="27 702 23 638 139 624 139 624 141 624 141 624 141 624 176 632 186 624 186 622 186 622 188 622 188 622 188 622 190 622 190 622 192 622 192 622 192 622 194 622 194 622 194 622 196 622 218 638 219 640 384 640 390 640 467 624 467 624 469 624 469 624 469 624 471 624 471 624 473 624 473 624 491 638 524 626 524 626 526 626 526 626 528 626 528 626 630 640 634 640 636 640 673 626 673 626 675 626 675 626 677 626 677 626 677 626 732 638 817 626 817 626 819 626 819 626 891 638 905 628 907 628 907 628 907 628 909 628 909 628 909 628 911 628 911 628 913 628 913 628 913 628 915 628 915 628 929 640 952 628 952 628 952 628 954 628 954 628 956 628 1099 628 1099 628 1099 628 1166 643 1168 702 1164 718 1041 708 803 716 801 716 801 716 801 716 799 716 799 716 797 716 781 706 679 716 675 716 675 716 673 716 656 716 318 704 25 712"/></Shape>
	    <String CONTENT="rent iuſques aus Enfers, pour eſſaier ſi elles"
                    HPOS="23"
                    VPOS="622"
                    WIDTH="1145"
                    HEIGHT="96"></String>
          </TextLine>

          
          
          <TextLine ID="eSc_line_2b0838d5"
                    TAGREFS="LT1422"
                    BASELINE="33 773 1164 779" 
                    HPOS="31"
                    VPOS="704"
                    WIDTH="1133"
                    HEIGHT="95">
            <Shape><Polygon POINTS="33 773 33 716 143 720 155 716 184 704 184 704 186 704 186 704 188 704 188 704 188 704 190 704 190 704 190 704 192 704 192 704 192 706 204 716 208 722 290 722 298 716 324 704 324 704 324 704 326 704 326 704 328 704 328 704 328 704 329 704 329 704 329 704 331 704 331 704 331 706 343 716 345 720 414 720 418 718 447 706 447 706 449 706 449 706 451 706 451 706 451 706 453 706 453 706 453 706 455 706 471 718 479 722 506 718 571 706 571 706 573 706 573 706 573 706 575 706 610 718 618 720 632 718 707 706 707 706 709 706 709 706 709 706 711 706 711 706 711 706 734 718 738 722 740 718 752 708 752 706 752 706 754 706 754 706 754 706 756 706 756 706 758 706 787 706 787 706 787 706 789 706 789 706 823 720 836 726 968 726 982 720 1015 708 1017 708 1017 708 1017 708 1019 708 1162 722 1164 779 1162 791 995 799 993 799 993 799 942 793 899 787 889 793 879 797 879 797 879 797 878 797 878 797 878 797 876 797 876 797 874 797 874 797 874 797 864 793 852 787 775 793 713 797 711 797 711 797 711 797 709 797 709 797 709 797 707 797 707 797 707 795 703 793 695 785 601 785 563 793 542 797 542 797 542 797 540 797 540 797 538 797 522 793 487 783 290 783 31 793"/></Shape>
	    <String CONTENT="pourront, comme iadis Orphee, reuoquer"
                    HPOS="31"
                    VPOS="704"
                    WIDTH="1133"
                    HEIGHT="95"></String>
          </TextLine>

          
          
          <TextLine ID="eSc_line_c184af9a"
                    TAGREFS="LT1422"
                    BASELINE="27 854 432 850 1164 859" 
                    HPOS="23"
                    VPOS="781"
                    WIDTH="1141"
                    HEIGHT="94">
            <Shape><Polygon POINTS="27 854 23 793 147 781 149 781 149 781 149 781 151 781 151 781 178 793 184 797 263 797 265 795 274 785 274 783 274 783 276 783 276 783 276 783 278 783 278 783 278 783 280 783 280 783 282 783 282 783 282 783 284 783 300 795 302 795 306 795 353 785 353 785 353 785 355 785 355 785 355 785 402 795 402 795 402 795 422 783 424 783 424 783 426 783 426 783 426 783 428 783 428 783 512 797 522 797 534 797 642 785 642 785 644 785 644 785 646 785 646 785 646 785 671 797 675 799 677 797 695 789 695 789 695 789 697 789 697 789 699 789 805 789 805 789 805 789 807 789 807 789 807 789 809 789 809 789 809 791 819 799 819 801 931 801 948 801 960 789 960 789 962 789 962 789 962 789 964 789 964 789 966 789 966 789 966 789 1019 799 1044 789 1044 789 1046 789 1046 789 1048 789 1048 789 1164 803 1164 859 1160 875 907 863 722 873 705 873 703 873 703 873 701 873 699 873 654 861 25 867"/></Shape>
	    <String CONTENT="leurs amours perdues? Et en tous ces actes,"
                    HPOS="23"
                    VPOS="781"
                    WIDTH="1141"
                    HEIGHT="94"></String>
          </TextLine>

          
          
          <TextLine ID="eSc_line_d74e1766"
                    TAGREFS="LT1422"
                    BASELINE="29 928 1164 932" 
                    HPOS="25"
                    VPOS="861"
                    WIDTH="1139"
                    HEIGHT="87">
            <Shape><Polygon POINTS="29 928 25 875 58 861 58 861 60 861 60 861 62 861 117 861 117 861 117 861 119 861 119 861 119 861 121 861 121 861 121 863 133 873 216 861 216 861 218 861 218 861 218 861 219 861 219 861 219 861 247 875 247 875 247 875 280 865 282 865 282 865 282 865 284 865 284 865 286 865 286 865 316 875 316 877 481 877 481 875 493 865 493 863 493 863 494 863 494 863 494 863 496 863 496 863 496 863 498 863 498 863 500 863 500 863 500 863 502 863 502 863 518 877 520 877 597 877 638 877 1023 863 1025 863 1025 863 1162 879 1164 932 1160 948 25 944"/></Shape>
	    <String CONTENT="quels traits trouuez vous que de Folie? Auoir"
                    HPOS="25"
                    VPOS="861"
                    WIDTH="1139"
                    HEIGHT="87"></String>
          </TextLine>

          
          
          <TextLine ID="eSc_line_6e836782"
                    TAGREFS="LT1422"
                    BASELINE="27 1007 1162 1011" 
                    HPOS="21"
                    VPOS="940"
                    WIDTH="1141"
                    HEIGHT="88">
            <Shape><Polygon POINTS="27 1007 21 952 35 940 35 940 37 940 37 940 37 940 39 940 39 940 39 940 41 940 41 940 43 940 43 940 43 940 45 940 45 940 58 952 121 940 121 940 121 940 123 940 123 940 123 940 125 940 125 940 127 940 147 952 147 952 149 952 210 940 210 940 210 940 212 940 212 940 214 940 214 940 245 952 247 952 255 952 337 940 337 940 339 940 410 940 410 940 410 940 412 940 412 940 412 940 414 940 430 950 432 952 443 950 508 940 508 940 510 940 510 940 510 940 512 940 512 940 514 940 514 940 526 950 530 954 595 954 622 950 669 942 669 942 671 942 671 942 671 942 705 950 726 956 799 956 811 948 824 942 824 942 824 942 826 942 826 942 826 942 828 942 828 942 868 948 903 954 1158 948 1162 1011 1158 1028 23 1017"/></Shape>
	    <String CONTENT="le cœur ſeparé de ſoymeſme, eſtre meinte¬"
                    HPOS="21"
                    VPOS="940"
                    WIDTH="1141"
                    HEIGHT="88"></String>
          </TextLine>

          
          
          <TextLine ID="eSc_line_b3b772dd"
                    TAGREFS="LT1422"
                    BASELINE="23 1083 1160 1087" 
                    HPOS="21"
                    VPOS="1017"
                    WIDTH="1139"
                    HEIGHT="86">
            <Shape><Polygon POINTS="23 1083 23 1030 174 1030 178 1028 196 1017 198 1017 198 1017 200 1017 200 1017 200 1017 202 1017 202 1017 202 1017 204 1017 239 1028 243 1028 247 1028 278 1017 278 1017 280 1017 280 1017 282 1017 282 1017 282 1017 284 1017 284 1017 286 1017 302 1026 302 1026 304 1026 386 1017 386 1017 388 1017 388 1017 390 1017 390 1017 390 1017 392 1017 392 1017 404 1026 408 1028 439 1026 520 1018 520 1018 522 1018 522 1018 559 1024 595 1030 1158 1020 1160 1087 1158 1103 21 1103"/></Shape>
	    <String CONTENT="nant en paix, ores en guerre, ores en treues:"
                    HPOS="21"
                    VPOS="1017"
                    WIDTH="1139"
                    HEIGHT="86"></String>
          </TextLine>

          
          
          <TextLine ID="eSc_line_f9d5404c"
                    TAGREFS="LT1422"
                    BASELINE="25 1158 1160 1166" 
                    HPOS="21"
                    VPOS="1097"
                    WIDTH="1139"
                    HEIGHT="88">
            <Shape><Polygon POINTS="25 1158 23 1107 233 1099 235 1099 235 1099 326 1109 339 1109 343 1109 379 1097 381 1097 381 1097 381 1097 383 1097 383 1097 455 1109 457 1109 457 1109 481 1097 481 1097 481 1097 483 1097 483 1097 485 1097 573 1097 573 1097 573 1097 575 1097 575 1097 577 1097 577 1097 595 1111 595 1111 599 1111 636 1099 638 1099 638 1099 638 1099 640 1099 789 1111 789 1111 789 1111 805 1099 805 1099 807 1099 807 1099 807 1099 809 1099 809 1099 811 1099 876 1099 876 1099 876 1099 878 1099 878 1099 878 1099 901 1113 903 1113 907 1113 960 1101 960 1101 960 1101 962 1101 962 1101 1044 1113 1046 1113 1048 1113 1111 1101 1111 1101 1111 1101 1113 1101 1113 1101 1115 1101 1160 1115 1160 1166 1158 1174 878 1185 876 1185 876 1185 876 1185 817 1174 718 1183 718 1183 716 1183 536 1172 335 1181 333 1181 333 1181 333 1181 274 1170 80 1179 78 1179 78 1179 78 1179 21 1166"/></Shape>
	    <String CONTENT="couurir &amp; cacher ſa douleur: changer viſa¬"
                    HPOS="21"
                    VPOS="1097"
                    WIDTH="1139"
                    HEIGHT="88"></String>
          </TextLine>

          
          
          <TextLine ID="eSc_line_d00e75ef"
                    TAGREFS="LT1422"
                    BASELINE="31 1236 1162 1244" 
                    HPOS="29"
                    VPOS="1168"
                    WIDTH="1133"
                    HEIGHT="92">
            <Shape><Polygon POINTS="31 1236 29 1181 176 1172 178 1172 178 1172 178 1172 180 1172 208 1179 216 1181 221 1179 247 1168 247 1168 249 1168 249 1168 249 1168 251 1168 251 1168 251 1168 253 1168 288 1179 292 1179 294 1179 329 1170 331 1170 331 1170 333 1170 333 1170 333 1170 335 1170 335 1170 335 1170 353 1179 363 1183 388 1179 418 1174 418 1174 418 1174 420 1174 420 1174 422 1174 422 1174 422 1174 424 1174 430 1178 438 1183 457 1178 491 1170 493 1170 493 1170 494 1170 494 1170 496 1170 528 1178 538 1179 549 1178 595 1170 595 1170 595 1170 597 1170 597 1170 599 1170 628 1178 652 1183 756 1178 840 1172 842 1172 842 1172 899 1176 1023 1187 1035 1176 1037 1176 1037 1174 1037 1174 1039 1174 1039 1174 1039 1174 1041 1174 1041 1174 1043 1174 1043 1174 1043 1174 1044 1174 1044 1174 1044 1174 1048 1176 1064 1183 1088 1176 1094 1174 1096 1174 1096 1174 1096 1174 1098 1174 1098 1174 1099 1174 1099 1174 1099 1174 1101 1174 1101 1174 1101 1176 1101 1176 1113 1185 1160 1176 1162 1244 1160 1260 441 1260 439 1258 416 1256 310 1246 29 1254"/></Shape>
	    <String CONTENT="ge mile fois le iour: ſentir le ſang qui lui"
                    HPOS="29"
                    VPOS="1168"
                    WIDTH="1133"
                    HEIGHT="92"></String>
          </TextLine>

          
          
          <TextLine ID="eSc_line_261ab009"
                    TAGREFS="LT1422"
                    BASELINE="21 1313 1158 1319" 
                    HPOS="15"
                    VPOS="1248"
                    WIDTH="1143"
                    HEIGHT="92">
            <Shape><Polygon POINTS="21 1313 19 1262 141 1248 141 1248 143 1248 335 1260 377 1248 379 1248 379 1248 379 1248 381 1248 381 1248 383 1248 383 1248 383 1248 384 1248 384 1248 400 1262 426 1250 426 1250 428 1250 428 1250 428 1250 430 1250 430 1250 432 1250 432 1250 432 1250 434 1250 434 1250 434 1252 445 1262 445 1264 512 1264 512 1262 524 1252 524 1250 524 1250 526 1250 526 1250 526 1250 528 1250 528 1250 530 1250 530 1250 648 1262 656 1264 795 1264 797 1262 809 1252 809 1252 809 1252 811 1252 811 1252 813 1252 813 1252 813 1252 815 1252 815 1252 815 1252 817 1252 848 1262 856 1266 1025 1266 1027 1262 1037 1254 1037 1252 1037 1252 1039 1252 1039 1252 1039 1252 1041 1252 1041 1252 1043 1252 1043 1252 1158 1264 1158 1319 1158 1327 1107 1340 1105 1340 1105 1340 1103 1340 1103 1340 1019 1331 870 1338 868 1338 868 1338 868 1338 866 1338 866 1338 844 1329 797 1338 797 1338 797 1338 795 1338 630 1329 475 1338 473 1338 473 1338 473 1338 396 1327 324 1337 324 1337 322 1337 322 1337 322 1337 320 1337 320 1337 290 1325 53 1337 51 1337 51 1337 51 1337 49 1337 49 1337 15 1321"/></Shape>
	    <String CONTENT="rougit la face, y montant: puis ſoudein s’en¬"
                    HPOS="15"
                    VPOS="1248"
                    WIDTH="1143"
                    HEIGHT="92"></String>
          </TextLine>

          
          
          <TextLine ID="eSc_line_62dcd156"
                    TAGREFS="LT1422"
                    BASELINE="19 1390 1160 1401" 
                    HPOS="13"
                    VPOS="1321"
                    WIDTH="1149"
                    HEIGHT="94">
            <Shape><Polygon POINTS="19 1390 15 1335 43 1321 43 1321 43 1321 45 1321 45 1321 47 1321 47 1321 47 1321 49 1321 49 1321 84 1335 86 1335 90 1335 206 1321 206 1321 208 1321 365 1337 398 1340 430 1340 434 1337 445 1327 445 1325 445 1325 447 1325 447 1325 449 1325 449 1325 449 1325 451 1325 451 1325 453 1325 453 1325 453 1325 477 1337 483 1338 540 1338 540 1337 551 1327 551 1325 551 1325 553 1325 553 1325 553 1325 555 1325 555 1325 557 1325 557 1325 557 1325 559 1325 599 1337 610 1340 622 1337 654 1327 656 1327 656 1327 656 1327 658 1327 658 1327 659 1327 659 1327 659 1327 661 1327 677 1337 683 1342 720 1342 724 1338 732 1331 732 1329 732 1329 734 1329 734 1329 734 1329 736 1329 736 1329 736 1329 738 1329 738 1329 740 1329 740 1329 766 1338 779 1342 793 1338 823 1329 824 1329 824 1329 824 1329 826 1329 826 1329 826 1329 828 1329 828 1329 830 1329 830 1329 842 1338 848 1342 874 1338 901 1335 901 1335 903 1335 903 1335 938 1338 984 1344 997 1338 1015 1331 1015 1331 1017 1331 1017 1331 1019 1331 1080 1331 1080 1331 1080 1331 1082 1331 1082 1331 1082 1331 1084 1331 1084 1331 1084 1333 1092 1338 1096 1344 1103 1340 1121 1331 1121 1331 1121 1331 1123 1331 1123 1331 1123 1331 1125 1331 1125 1331 1127 1331 1162 1340 1160 1401 1156 1415 51 1409 51 1409 51 1409 49 1409 13 1397"/></Shape>
	    <String CONTENT="fuit, la laiſſant palle, ainſi que honte, eſpe¬"
                    HPOS="13"
                    VPOS="1321"
                    WIDTH="1149"
                    HEIGHT="94"></String>
          </TextLine>

          
          
          <TextLine ID="eSc_line_ac41c703"
                    TAGREFS="LT1422"
                    BASELINE="21 1468 1162 1476" 
                    HPOS="17"
                    VPOS="1413"
                    WIDTH="1145"
                    HEIGHT="85">
            <Shape><Polygon POINTS="21 1468 21 1413 1160 1427 1162 1476 1162 1486 1121 1498 1119 1498 1119 1498 1117 1498 876 1486 836 1496 834 1496 834 1496 834 1498 608 1498 606 1496 292 1482 271 1492 271 1492 271 1492 269 1492 269 1492 267 1492 267 1492 178 1482 108 1492 108 1492 106 1492 106 1492 17 1478"/></Shape>
	    <String CONTENT="rance, ou peur, nous gouuernent: chercher"
                    HPOS="17"
                    VPOS="1413"
                    WIDTH="1145"
                    HEIGHT="85"></String>
          </TextLine>

          
          
          <TextLine ID="eSc_line_a6ea0cc7"
                    TAGREFS="LT1422"
                    BASELINE="23 1545 1162 1554" 
                    HPOS="19"
                    VPOS="1482"
                    WIDTH="1143"
                    HEIGHT="92">
            <Shape><Polygon POINTS="23 1545 23 1490 139 1494 145 1490 155 1482 155 1482 157 1482 157 1482 157 1482 159 1482 159 1482 159 1482 161 1482 161 1482 163 1482 196 1492 208 1494 212 1492 223 1482 225 1482 225 1482 225 1482 227 1482 227 1482 229 1482 294 1482 294 1482 294 1482 343 1494 357 1496 365 1494 390 1482 390 1482 392 1482 392 1482 394 1482 479 1482 479 1482 479 1482 481 1482 481 1482 481 1482 483 1482 502 1496 508 1499 636 1499 638 1496 652 1486 652 1484 654 1484 654 1484 654 1484 656 1484 656 1484 658 1484 707 1484 707 1484 923 1499 950 1501 956 1501 993 1488 995 1488 995 1488 995 1488 997 1488 997 1488 999 1488 999 1488 1033 1501 1044 1490 1044 1488 1044 1488 1046 1488 1046 1488 1046 1488 1048 1488 1048 1488 1050 1488 1127 1488 1127 1488 1127 1488 1129 1488 1129 1488 1162 1503 1162 1554 1160 1562 976 1574 974 1574 974 1574 974 1574 972 1574 972 1574 970 1574 952 1564 713 1572 711 1572 19 1556"/></Shape>
	    <String CONTENT="ce qui nous tourmente, feingnant le fuir."
                    HPOS="19"
                    VPOS="1482"
                    WIDTH="1143"
                    HEIGHT="92"></String>
          </TextLine>

          
          
          <TextLine ID="eSc_line_91270ce5"
                    TAGREFS="LT1422"
                    BASELINE="21 1621 1160 1633" 
                    HPOS="11"
                    VPOS="1556"
                    WIDTH="1149"
                    HEIGHT="93">
            <Shape><Polygon POINTS="21 1621 21 1556 76 1558 76 1558 76 1558 78 1558 78 1558 78 1558 80 1558 80 1558 80 1560 92 1570 176 1558 186 1558 186 1558 188 1558 188 1558 190 1558 190 1558 190 1558 192 1558 192 1558 214 1572 341 1562 373 1560 375 1560 375 1560 375 1560 377 1560 377 1560 377 1560 383 1562 402 1574 473 1564 496 1562 496 1562 498 1562 498 1562 500 1562 500 1562 500 1562 502 1562 502 1562 506 1566 518 1574 603 1568 654 1564 656 1564 656 1564 656 1564 658 1564 658 1564 658 1564 659 1564 659 1564 659 1566 663 1568 671 1576 701 1570 713 1568 713 1568 713 1568 714 1568 714 1568 732 1570 781 1578 791 1572 795 1568 795 1568 797 1568 797 1568 797 1568 799 1568 799 1568 801 1568 801 1568 801 1568 803 1568 815 1572 834 1578 852 1572 872 1566 874 1566 874 1566 874 1566 876 1566 876 1566 878 1566 878 1566 878 1566 891 1574 901 1578 919 1574 956 1566 956 1566 956 1566 958 1566 958 1566 960 1566 960 1566 960 1566 962 1566 962 1566 972 1576 980 1580 1088 1580 1090 1578 1098 1570 1098 1568 1098 1568 1099 1568 1099 1568 1099 1568 1101 1568 1101 1568 1103 1568 1103 1568 1103 1568 1158 1580 1160 1633 1158 1641 781 1649 779 1649 779 1649 777 1649 777 1649 777 1649 775 1649 775 1649 764 1639 29 1641 27 1641 27 1641 25 1641 25 1641 25 1641 23 1641 23 1641 23 1639 21 1639 11 1627"/></Shape>
	    <String CONTENT="Et neanmoins auoir creinte de le trouuer:"
                    HPOS="11"
                    VPOS="1556"
                    WIDTH="1149"
                    HEIGHT="93"></String>
          </TextLine>

          
          
          <TextLine ID="eSc_line_fd0942d5"
                    TAGREFS="LT1422"
                    BASELINE="21 1698 1164 1712" 
                    HPOS="17"
                    VPOS="1631"
                    WIDTH="1147"
                    HEIGHT="96">
            <Shape><Polygon POINTS="21 1698 19 1641 60 1631 60 1631 60 1631 62 1631 62 1631 64 1631 64 1631 64 1631 66 1631 66 1631 66 1633 66 1633 74 1641 80 1649 115 1649 131 1641 147 1633 147 1633 149 1633 149 1633 151 1633 312 1633 312 1633 312 1633 314 1633 314 1633 331 1641 357 1651 436 1641 469 1637 469 1637 471 1637 471 1637 471 1637 473 1637 473 1637 475 1637 475 1637 475 1639 479 1641 491 1651 530 1641 542 1639 542 1639 542 1639 544 1639 544 1639 546 1639 546 1639 546 1639 548 1639 548 1639 548 1641 549 1641 549 1641 559 1655 695 1655 711 1645 713 1645 713 1645 713 1645 714 1645 714 1645 716 1645 716 1645 716 1645 762 1655 783 1641 785 1639 787 1639 787 1639 787 1639 789 1639 789 1639 791 1639 836 1639 836 1639 836 1639 838 1639 838 1639 838 1639 840 1639 840 1639 840 1641 840 1641 842 1641 854 1655 901 1641 905 1641 907 1641 907 1641 909 1641 909 1641 909 1641 911 1641 911 1641 911 1641 913 1641 913 1641 913 1641 933 1659 978 1659 1005 1643 1005 1643 1005 1643 1007 1643 1007 1643 1007 1643 1009 1643 1009 1643 1011 1643 1011 1643 1011 1643 1013 1643 1013 1643 1031 1659 1076 1643 1076 1643 1078 1643 1078 1643 1080 1643 1164 1643 1164 1712 1160 1727 732 1717 689 1719 589 1725 587 1725 587 1725 587 1725 585 1725 585 1725 585 1725 583 1725 583 1725 583 1723 575 1717 573 1715 532 1715 349 1723 347 1723 347 1723 347 1723 345 1723 345 1723 345 1723 326 1713 196 1721 194 1721 194 1721 194 1721 192 1721 192 1721 192 1721 190 1721 190 1721 190 1719 188 1719 180 1710 180 1708 17 1706"/></Shape>
	    <String CONTENT="n’auoir qu’un petit ris entre mile ſoupirs: ſe"
                    HPOS="17"
                    VPOS="1631"
                    WIDTH="1147"
                    HEIGHT="96"></String>
          </TextLine>

          
          
          <TextLine ID="eSc_line_dfbc5eb9"
                    TAGREFS="LT1422"
                    BASELINE="21 1774 1164 1790" 
                    HPOS="17"
                    VPOS="1708"
                    WIDTH="1147"
                    HEIGHT="102">
            <Shape><Polygon POINTS="21 1774 21 1719 76 1721 82 1719 104 1708 104 1708 104 1708 106 1708 106 1708 108 1708 108 1708 108 1708 109 1708 109 1708 109 1708 111 1708 111 1708 111 1710 123 1719 125 1723 163 1723 188 1719 259 1710 259 1710 261 1710 261 1710 261 1710 263 1710 263 1710 263 1710 265 1710 265 1710 265 1712 276 1721 278 1723 290 1721 345 1712 345 1712 347 1712 347 1712 347 1712 349 1712 349 1712 349 1712 369 1721 375 1725 377 1721 386 1713 386 1712 386 1712 388 1712 388 1712 388 1712 390 1712 390 1712 392 1712 434 1712 434 1712 434 1712 436 1712 436 1712 436 1712 438 1712 438 1712 438 1713 447 1723 453 1727 465 1723 483 1717 485 1717 485 1717 485 1717 487 1717 487 1717 487 1717 516 1723 526 1725 528 1723 544 1713 546 1713 546 1713 546 1713 548 1713 548 1713 549 1713 549 1713 549 1713 551 1713 551 1713 553 1713 553 1713 553 1715 565 1723 569 1727 591 1725 658 1715 658 1715 659 1715 659 1715 659 1715 661 1715 661 1715 663 1715 663 1715 663 1717 673 1725 679 1729 697 1725 730 1719 730 1719 730 1719 732 1719 732 1719 732 1719 734 1719 734 1719 750 1725 762 1731 775 1727 797 1719 799 1719 799 1719 799 1719 801 1719 801 1719 801 1719 803 1719 803 1719 805 1719 817 1727 824 1731 836 1727 858 1719 858 1719 860 1719 860 1719 862 1719 862 1719 862 1719 864 1719 864 1719 866 1719 866 1719 866 1721 874 1727 881 1733 925 1727 995 1719 995 1719 997 1719 997 1719 999 1719 999 1719 1025 1729 1043 1735 1066 1729 1096 1721 1098 1721 1098 1721 1099 1721 1099 1721 1162 1731 1164 1790 1162 1798 913 1810 911 1810 911 1810 911 1810 909 1810 909 1810 876 1796 783 1796 738 1808 736 1808 736 1808 734 1808 604 1806 604 1806 604 1806 603 1806 603 1806 601 1806 601 1806 587 1796 280 1800 278 1800 278 1800 276 1800 276 1800 276 1800 251 1788 113 1798 113 1798 111 1798 111 1798 17 1782"/></Shape>
	    <String CONTENT="tromper ſoymeſme : bruler de loin, geler de"
                    HPOS="17"
                    VPOS="1708"
                    WIDTH="1147"
                    HEIGHT="102"></String>
          </TextLine>

          
          
          <TextLine ID="eSc_line_b2915390"
                    TAGREFS="LT1422"
                    BASELINE="25 1853 1156 1867" 
                    HPOS="23"
                    VPOS="1794"
                    WIDTH="1133"
                    HEIGHT="90">
            <Shape><Polygon POINTS="25 1853 25 1796 290 1806 314 1800 335 1794 337 1794 337 1794 339 1794 339 1794 339 1794 341 1794 341 1794 341 1794 343 1794 343 1794 343 1796 349 1800 355 1806 363 1802 369 1796 371 1796 371 1796 371 1796 373 1796 373 1796 375 1796 436 1796 436 1796 436 1796 438 1796 438 1796 438 1796 439 1796 439 1796 439 1798 445 1802 449 1808 459 1802 471 1798 471 1798 473 1798 473 1798 473 1798 475 1798 475 1798 477 1798 477 1798 493 1804 510 1812 671 1812 726 1808 813 1800 813 1800 815 1800 815 1800 817 1800 817 1800 817 1800 819 1800 819 1800 828 1810 834 1814 840 1810 850 1802 852 1802 852 1802 852 1802 854 1802 854 1802 856 1802 915 1802 915 1802 915 1802 917 1802 917 1802 917 1802 919 1802 933 1812 938 1816 1048 1816 1064 1814 1117 1804 1117 1804 1119 1804 1119 1804 1119 1804 1121 1804 1156 1816 1156 1867 1153 1876 844 1874 832 1876 805 1884 803 1884 803 1884 801 1884 801 1884 801 1884 764 1876 750 1874 730 1876 673 1884 673 1884 671 1884 542 1876 473 1873 447 1876 418 1880 418 1880 416 1880 416 1880 416 1880 414 1880 414 1880 402 1876 388 1871 373 1876 361 1880 361 1880 359 1880 359 1880 359 1880 357 1880 357 1880 355 1880 355 1880 355 1880 353 1880 353 1880 349 1876 341 1871 333 1876 331 1878 331 1878 329 1878 329 1878 329 1878 328 1878 328 1878 328 1880 227 1880 225 1878 225 1878 223 1878 223 1878 216 1876 182 1865 23 1874"/></Shape>
	    <String CONTENT="pres: un parler interrompu: un ſilence ve¬"
                    HPOS="23"
                    VPOS="1794"
                    WIDTH="1133"
                    HEIGHT="90"></String>
          </TextLine>

          
          
          <TextLine ID="eSc_line_e133a519"
                    TAGREFS="LT1422"
                    BASELINE="19 1927 1164 1943" 
                    HPOS="15"
                    VPOS="1863"
                    WIDTH="1149"
                    HEIGHT="100">
            <Shape><Polygon POINTS="19 1927 21 1863 49 1878 66 1865 66 1865 68 1865 68 1865 68 1865 70 1865 70 1865 72 1865 151 1865 151 1865 151 1865 153 1865 153 1865 153 1865 155 1865 155 1865 157 1867 176 1880 261 1869 286 1867 286 1867 288 1867 339 1869 339 1869 339 1869 341 1869 341 1869 343 1869 343 1869 343 1871 345 1871 345 1873 355 1882 406 1873 414 1873 414 1873 416 1873 416 1873 434 1874 516 1884 538 1876 555 1871 555 1871 557 1871 557 1871 559 1871 559 1871 559 1871 595 1878 632 1888 685 1888 695 1880 713 1873 713 1873 713 1873 714 1873 714 1873 716 1873 716 1873 716 1873 718 1873 718 1873 720 1873 736 1882 748 1890 842 1890 852 1886 885 1874 887 1874 887 1874 887 1874 889 1874 889 1874 889 1874 891 1874 933 1888 942 1890 958 1888 1031 1876 1031 1876 1033 1876 1131 1878 1131 1878 1131 1878 1133 1878 1133 1878 1133 1878 1164 1894 1164 1943 1162 1953 889 1963 887 1963 544 1947 449 1957 449 1957 447 1957 15 1937"/></Shape>
	    <String CONTENT="nant tout à coup: ne ſont ce tous ſignes d’un"
                    HPOS="15"
                    VPOS="1863"
                    WIDTH="1149"
                    HEIGHT="100"></String>
          </TextLine>

          
          
          <TextLine ID="eSc_line_17be0b5e"
                    TAGREFS="LT1422"
                    BASELINE="19 2002 408 2016 1158 2020" 
                    HPOS="15"
                    VPOS="1945"
                    WIDTH="1145"
                    HEIGHT="89">
            <Shape><Polygon POINTS="19 2002 19 1945 80 1959 117 1949 119 1949 119 1949 121 1949 121 1949 121 1949 123 1949 123 1949 123 1949 147 1961 259 1951 300 1947 302 1947 302 1947 302 1947 304 1947 304 1947 316 1951 339 1963 359 1953 367 1949 367 1949 367 1949 369 1949 369 1949 371 1949 371 1949 371 1949 373 1949 373 1949 373 1949 383 1953 400 1963 426 1955 443 1949 445 1949 445 1949 445 1949 447 1949 447 1949 449 1949 449 1949 449 1949 463 1955 483 1965 500 1957 514 1951 514 1951 516 1951 516 1951 516 1951 518 1951 518 1951 563 1957 606 1965 620 1959 638 1951 638 1951 640 1951 640 1951 640 1951 642 1951 642 1951 642 1951 644 1951 644 1951 646 1951 646 1951 646 1953 646 1953 654 1961 659 1969 819 1969 826 1965 834 1957 834 1957 836 1957 836 1957 836 1957 838 1957 838 1957 840 1957 840 1957 840 1957 842 1957 842 1957 842 1957 844 1957 854 1965 860 1969 878 1965 931 1955 931 1955 931 1955 933 1955 933 1955 934 1955 934 1955 972 1969 976 1969 989 1969 1129 1957 1131 1957 1131 1957 1131 1957 1133 1957 1133 1957 1133 1957 1160 1973 1158 2020 1154 2034 15 2020"/></Shape>
	    <String CONTENT="homme aliené de ſon bon entendement?"
                    HPOS="15"
                    VPOS="1945"
                    WIDTH="1145"
                    HEIGHT="89"></String>
          </TextLine>

          
          
          <TextLine ID="eSc_line_a0a4f82b"
                    TAGREFS="LT1422"
                    BASELINE="33 2079 524 2096 1160 2096" 
                    HPOS="27"
                    VPOS="2014"
                    WIDTH="1135"
                    HEIGHT="120">
            <Shape><Polygon POINTS="33 2079 33 2014 141 2034 172 2034 188 2018 188 2018 188 2016 188 2016 190 2016 190 2016 190 2016 192 2016 192 2016 194 2016 265 2016 265 2016 265 2016 267 2016 267 2016 278 2020 316 2035 373 2035 384 2024 388 2020 388 2018 388 2018 390 2018 390 2018 390 2018 392 2018 392 2018 392 2018 394 2018 394 2018 396 2018 422 2024 469 2037 532 2037 548 2028 551 2024 553 2024 553 2024 553 2024 555 2024 555 2024 557 2024 557 2024 557 2024 583 2028 626 2037 646 2030 667 2022 667 2022 669 2022 669 2022 671 2022 671 2022 671 2022 673 2022 673 2022 673 2022 675 2022 689 2032 697 2037 703 2032 716 2022 718 2022 718 2022 718 2022 720 2022 720 2022 720 2022 722 2022 722 2022 724 2022 724 2022 724 2022 726 2022 726 2022 726 2024 728 2024 736 2034 738 2035 748 2034 785 2024 787 2024 787 2024 789 2024 789 2024 789 2024 791 2024 791 2024 821 2035 832 2039 864 2035 952 2026 952 2026 954 2026 954 2026 956 2026 956 2026 956 2026 958 2026 958 2026 958 2028 972 2039 976 2043 1017 2043 1031 2041 1092 2028 1092 2028 1092 2028 1094 2028 1094 2028 1096 2028 1162 2045 1160 2096 1158 2116 1015 2134 1015 2134 1013 2134 1013 2134 1011 2134 1011 2134 1011 2134 1009 2134 995 2124 942 2130 942 2130 940 2130 940 2130 938 2130 938 2130 938 2130 936 2130 917 2116 872 2130 870 2130 870 2130 868 2130 868 2130 868 2130 866 2130 817 2114 795 2130 793 2130 793 2130 793 2130 791 2130 791 2130 791 2132 722 2132 720 2130 659 2128 659 2128 659 2128 658 2128 658 2128 656 2128 656 2128 656 2126 638 2112 567 2122 567 2122 565 2122 565 2122 565 2122 563 2122 563 2122 561 2122 561 2122 561 2122 548 2108 528 2108 418 2108 402 2108 359 2108 328 2124 328 2124 328 2124 326 2124 326 2124 326 2124 324 2124 324 2124 324 2124 322 2124 322 2124 280 2106 280 2106 276 2106 64 2120 62 2120 62 2120 62 2120 60 2120 60 2120 60 2120 27 2102"/></Shape>
	    <String CONTENT="Qui excuſera Hercule deuidant les pelo¬"
                    HPOS="27"
                    VPOS="2014"
                    WIDTH="1135"
                    HEIGHT="120"></String>
          </TextLine>

          
          
          <TextLine ID="eSc_line_800c76a7"
                    TAGREFS="LT1422"
                    BASELINE="1023 2177 1162 2177" 
                    HPOS="1023"
                    VPOS="2126"
                    WIDTH="139"
                    HEIGHT="72">
            <Shape><Polygon POINTS="1023 2177 1023 2126 1162 2126 1162 2177 1162 2191 1023 2198"/></Shape>
	    <String CONTENT="tons"
                    HPOS="1023"
                    VPOS="2126"
                    WIDTH="139"
                    HEIGHT="72"></String>
          </TextLine>

          
        </TextBlock>
        
        <TextBlock HPOS="179"
                   VPOS="16"
                   WIDTH="813"
                   HEIGHT="66"
                   ID="eSc_textblock_196e6536"
                   TAGREFS="BT4319">
          <Shape><Polygon POINTS="990 77 992 23 179 16 179 82"/></Shape>
          
        </TextBlock>
        
        <TextBlock HPOS="1018"
                   VPOS="2133"
                   WIDTH="151"
                   HEIGHT="54"
                   ID="eSc_textblock_bc91fa9a"
                   TAGREFS="BT4318">
          <Shape><Polygon POINTS="1169 2185 1169 2133 1030 2133 1018 2187"/></Shape>
          
        </TextBlock>
        

        
      </PrintSpace>
    </Page>
  </Layout>
</alto>
