1319 2365
575 -3 363 70 DEBAT

139 63 1128 102 tons d’Omphale? Le ſage Roy Hebrieu

138 132 1129 116 auec cette grande multitude de femmes?

141 226 1130 97 Annibal s’abatardiſſant autour d’une Dame?

141 311 1126 91 & mains autres, que iournellement voyons

143 388 1126 86 s’abuſer tellement, qu’ils ne ſe connoiſſent

141 463 1124 92 eus meſmes. Qui en eſt cauſe, ſinon Folie?

145 543 1124 91 Car c’eſt celle en ſomme, qui fait Amour

149 620 1124 93 grand & redouté: & le fait excuſer, s’il fait

147 703 1128 83 quelque choſe autre que de raiſon. Recon¬

145 786 1136 85 nois donq, ingrat Amour, quel tu es, & de

145 859 1132 87 combien de biens ie te ſuis cauſe? le te fay

151 942 1130 80 grand: ie te fay eſleuer ton nom: voire & ne

143 1016 1132 91 t’uſſent les hommes reputé Dieu ſans moy.

145 1097 1136 89 Et apres que t’ay touſiours acompagné, tu

143 1180 1140 77 ne me veus ſeulement abandonner, mais me

145 1253 1142 89 veus renger à cette ſugeccion de fuir tous

143 1328 1146 83 les lieus ou tu ſeras. Ie croy auoir ſatisfait à

145 1411 1144 88 ce qu’auois promis montrer: que iuſques ici

141 1486 1146 84 Amour n’auoit eſté ſans Folie. Il faut paſſer

149 1566 1146 89 outre, & montrer qu’impoſſible eſt d’eſtre

147 1647 1144 89 autrement. Et pour y entrer: Apolon, tu me

143 1718 1150 93 confeſſeras, qu’Amour n’eſt autre choſe

145 1803 1148 87 qu’un deſir de iouir, auec une conionccion,

147 1876 1146 84 & aſſemblement de la choſe aymee. Eſtant

145 1951 1146 100 Amour deſir, ou, quoy que ce ſoit, ne pou¬

147 2033 1144 105 uant eſtre ſans deſir: il faut confeſſer qu’in¬

1135 2104 156 91 contin
