1318 2356
168 -3 794 77 DE FOLIE ET D'AMOVR.

1154 47 52 62 93

17 80 1137 98 continent que cette paſſion viẽt ſaiſir l’hom¬

13 160 1141 93 me, elle l'altere & immue. Car le deſir in¬

15 235 1143 94 ceſſamment ſe demeine dedens l’ame, la

23 314 1131 98 poingnant touſiours & reſueillant. Cette agi

19 390 1135 98 tacion d’eſprit, ſi elle eſtoit naturelle, elle

17 469 1132 94 ne l’afligeroit de la ſorte qu’elle fait: mais,

13 547 1138 100 eſtant contre ſon naturel, elle le malmeine,

11 622 1134 104 en ſorte qu’il ſe fait tout autre qu’il n’eſtoit.

15 698 1132 105 Et ainſi en ſoy n’eſtant l’eſprit à ſon aiſe,

11 777 1132 104 mais troublé & agité, ne peut eſtre dit ſage

13 854 1134 104 & posé. Mais encore fait il pis: car il eſt

9 934 1134 104 contreint ſe deſcouurir: ce qu’il ne fait que

19 1013 1124 102 par le miniſtere & organe du corps & mem¬

15 1083 1130 110 bres d’icelui. Et eſtant vne fois acheminé, il

9 1168 1132 108 faut que le pourſuiuant en amours face deus

7 1242 1132 106 choſes: qu’il donne à connoitre qu’il ayme:

5 1317 1136 114 & qu’il ſe face aymer. Pour le premier, le

11 1393 1126 110 bien parler y eſt bien requis: mais ſeul ne

5 1470 1132 114 ſuffira il. Car le grand artifice, & douceur

7 1547 1128 112 inuſitee, fait ſoupſonner pour le premier

9 1629 1126 108 coup, celle qui l’oit: & la fait tenir ſur ſes

11 1706 1116 112 gardes. Quel autre témoignage ſaut il? Touſ¬

5 1776 1126 112 iours l’ocaſion ne ſe preſente à combatre

5 1855 1124 110 pour ſa Dame, & defendre ſa querelle. Du

3 1935 1126 108 premier abord vous ne vous ofrirez à lui

17 2012 1118 133 ayder en ſes afaires domeſtiques. Si faut il

978 2112 149 94 faire
