<?xml version="1.0" encoding="UTF-8"?>
<alto xmlns:xsi="http://www.w3.org/2001/XMLSchema-instance"
      xmlns="http://www.loc.gov/standards/alto/ns-v4#"
      xsi:schemaLocation="http://www.loc.gov/standards/alto/ns-v4# http://www.loc.gov/standards/alto/v4/alto-4-2.xsd">
  <Description>
    <MeasurementUnit>pixel</MeasurementUnit>
    <sourceImageInformation>
      <fileName>104.jpg</fileName>
      
    </sourceImageInformation>
  </Description>
  
  <Tags>
    <OtherTag ID="BT4319" LABEL="RunningTitleZone" DESCRIPTION="block type RunningTitleZone"/><OtherTag ID="BT4318" LABEL="QuireMarksZone" DESCRIPTION="block type QuireMarksZone"/><OtherTag ID="BT4317" LABEL="NumberingZone" DESCRIPTION="block type NumberingZone"/><OtherTag ID="BT4316" LABEL="MarginTextZone" DESCRIPTION="block type MarginTextZone"/><OtherTag ID="BT4315" LABEL="MainZone" DESCRIPTION="block type MainZone"/><OtherTag ID="BT4314" LABEL="GraphicZone" DESCRIPTION="block type GraphicZone"/><OtherTag ID="BT4313" LABEL="DropCapitalZone" DESCRIPTION="block type DropCapitalZone"/><OtherTag ID="BT4321" LABEL="TitlePageZone" DESCRIPTION="block type TitlePageZone"/><OtherTag ID="BT4320" LABEL="StampZone" DESCRIPTION="block type StampZone"/>
    <OtherTag ID="LT1422" LABEL="DefaultLine" DESCRIPTION="line type DefaultLine"/><OtherTag ID="LT1421" LABEL="DropCapitalLine" DESCRIPTION="line type DropCapitalLine"/><OtherTag ID="LT1420" LABEL="HeadingLine" DESCRIPTION="line type HeadingLine"/>
  </Tags>
  
  <Layout>
    <Page WIDTH="1319"
          HEIGHT="2365"
          PHYSICAL_IMG_NR="102"
          ID="eSc_dummypage_">
      <PrintSpace HPOS="0"
                  VPOS="0"
                  WIDTH="1319"
                  HEIGHT="2365">
        
        <TextBlock HPOS="66"
                   VPOS="42"
                   WIDTH="107"
                   HEIGHT="52"
                   ID="eSc_textblock_6e6f6edd"
                   TAGREFS="BT4317">
          <Shape><Polygon POINTS="66 42 66 94 173 88 173 42"/></Shape>
          
          
          <TextLine ID="eSc_line_f8934ffc"
                    TAGREFS="LT1422"
                    BASELINE="74 84 167 80" 
                    HPOS="70"
                    VPOS="11"
                    WIDTH="97"
                    HEIGHT="99">
            <Shape><Polygon POINTS="74 84 70 11 161 11 167 80 167 104 74 110"/></Shape>
	    <String CONTENT="94"
                    HPOS="70"
                    VPOS="11"
                    WIDTH="97"
                    HEIGHT="99"></String>
          </TextLine>

          
        </TextBlock>
        
        <TextBlock HPOS="582"
                   VPOS="18"
                   WIDTH="349"
                   HEIGHT="55"
                   ID="eSc_textblock_3bf2bea7"
                   TAGREFS="BT4319">
          <Shape><Polygon POINTS="931 67 931 18 591 25 582 73"/></Shape>
          
          
          <TextLine ID="eSc_line_d4a117bd"
                    TAGREFS="LT1420"
                    BASELINE="585 65 924 61" 
                    HPOS="581"
                    VPOS="0"
                    WIDTH="343"
                    HEIGHT="84">
            <Shape><Polygon POINTS="585 65 581 1 918 0 924 61 924 72 585 84"/></Shape>
	    <String CONTENT="DEBAT"
                    HPOS="581"
                    VPOS="0"
                    WIDTH="343"
                    HEIGHT="84"></String>
          </TextLine>

          
        </TextBlock>
        
        <TextBlock HPOS="140"
                   VPOS="88"
                   WIDTH="1174"
                   HEIGHT="2040"
                   ID="eSc_textblock_fa11babe"
                   TAGREFS="BT4315">
          <Shape><Polygon POINTS="140 105 161 2128 1314 2095 1302 88"/></Shape>
          
          
          <TextLine ID="eSc_line_63208673"
                    TAGREFS="LT1422"
                    BASELINE="141 163 912 147 1299 151" 
                    HPOS="134"
                    VPOS="68"
                    WIDTH="1165"
                    HEIGHT="111">
            <Shape><Polygon POINTS="141 163 134 100 163 84 163 84 163 84 165 84 165 84 167 84 167 84 266 98 270 98 272 98 295 80 297 80 297 80 297 80 299 80 299 80 299 80 301 80 301 80 396 96 400 96 400 96 435 78 435 78 435 78 437 78 437 78 437 78 439 78 624 92 626 92 626 92 686 74 688 74 688 74 688 74 690 74 690 74 690 74 763 90 828 76 828 76 828 76 830 76 830 76 830 76 832 76 832 76 832 76 833 76 849 88 889 78 891 78 891 78 893 78 893 78 893 78 895 78 924 88 964 70 964 70 966 70 966 70 966 70 968 70 968 70 970 70 1035 86 1035 88 1078 88 1080 86 1108 68 1110 68 1110 68 1110 68 1111 68 1111 68 1111 68 1113 68 1297 84 1299 151 1297 161 1123 155 1058 163 1031 167 1031 167 1029 167 1029 167 1029 167 1009 163 970 157 869 165 790 171 788 171 788 171 745 165 703 161 644 167 554 175 552 175 347 169 279 167 264 169 210 179 210 179 208 179 208 179 139 169"/></Shape>
	    <String CONTENT="faire à croire que lon eſt paſſionné. Il faut"
                    HPOS="134"
                    VPOS="68"
                    WIDTH="1165"
                    HEIGHT="111"></String>
          </TextLine>

          
          
          <TextLine ID="eSc_line_12080277"
                    TAGREFS="LT1422"
                    BASELINE="141 240 930 226 1293 230" 
                    HPOS="139"
                    VPOS="169"
                    WIDTH="1154"
                    HEIGHT="81">
            <Shape><Polygon POINTS="141 240 139 187 264 191 283 185 307 177 309 177 309 177 309 177 311 177 311 177 313 177 313 177 313 177 329 185 339 189 356 185 384 177 386 177 386 177 388 177 388 177 388 177 390 177 390 177 392 177 392 177 400 185 404 187 416 185 451 175 453 175 453 175 455 175 455 175 516 183 546 187 575 183 634 175 634 175 636 175 636 175 636 175 678 183 695 185 731 183 808 175 810 175 1147 179 1184 179 1184 179 1194 171 1194 169 1194 169 1196 169 1196 169 1196 169 1198 169 1198 169 1200 169 1200 169 1200 169 1202 169 1202 169 1202 169 1204 169 1204 169 1214 179 1216 179 1216 179 1259 169 1259 169 1259 169 1261 169 1261 169 1261 169 1263 169 1293 179 1293 230 1293 236 141 250"/></Shape>
	    <String CONTENT="long tems, &amp; long ſeruice, ardentes prieres,"
                    HPOS="139"
                    VPOS="169"
                    WIDTH="1154"
                    HEIGHT="81"></String>
          </TextLine>

          
          
          <TextLine ID="eSc_line_15abd17d"
                    TAGREFS="LT1422"
                    BASELINE="143 319 1295 303" 
                    HPOS="136"
                    VPOS="234"
                    WIDTH="1159"
                    HEIGHT="101">
            <Shape><Polygon POINTS="143 319 136 264 153 252 155 252 155 252 155 252 157 252 157 252 159 252 279 256 291 246 291 246 293 246 293 246 293 246 295 246 295 246 297 246 297 246 297 246 358 258 467 244 467 244 469 244 697 254 735 240 735 240 737 240 737 240 739 240 934 250 946 240 946 238 946 238 948 238 948 238 948 238 950 238 950 238 950 238 1003 236 1005 236 1135 248 1242 234 1242 234 1244 234 1244 234 1246 234 1293 248 1295 303 1293 321 863 317 747 329 717 331 717 331 715 331 686 329 575 321 486 331 471 333 471 333 143 335"/></Shape>
	    <String CONTENT="&amp; cõformité de complexions. L’autre point,"
                    HPOS="136"
                    VPOS="234"
                    WIDTH="1159"
                    HEIGHT="101"></String>
          </TextLine>

          
          
          <TextLine ID="eSc_line_85b212cf"
                    TAGREFS="LT1422"
                    BASELINE="145 400 1295 378" 
                    HPOS="141"
                    VPOS="307"
                    WIDTH="1154"
                    HEIGHT="110">
            <Shape><Polygon POINTS="145 400 141 342 277 323 277 323 279 323 279 323 368 335 463 323 463 323 465 323 465 323 465 323 508 331 557 317 559 317 559 317 559 317 561 317 561 317 632 331 725 331 770 313 770 313 772 313 772 313 774 313 774 313 774 313 776 313 822 327 908 311 908 311 910 311 910 311 910 311 973 323 995 309 997 309 997 309 999 309 999 309 999 309 1001 309 1001 309 1086 321 1113 307 1113 307 1113 307 1115 307 1115 307 1115 307 1117 307 1117 307 1119 307 1119 307 1159 321 1289 321 1295 378 1293 396 145 417"/></Shape>
	    <String CONTENT="que l’Amant doit gaigner, c’eſt ſe faire ay¬"
                    HPOS="141"
                    VPOS="307"
                    WIDTH="1154"
                    HEIGHT="110"></String>
          </TextLine>

          
          
          <TextLine ID="eSc_line_974c17a5"
                    TAGREFS="LT1422"
                    BASELINE="143 476 1291 459" 
                    HPOS="136"
                    VPOS="390"
                    WIDTH="1155"
                    HEIGHT="102">
            <Shape><Polygon POINTS="143 476 136 421 157 409 157 409 157 409 159 409 159 409 161 409 368 415 380 405 380 405 382 405 382 405 382 405 384 405 384 405 384 405 536 398 538 398 538 398 538 398 599 411 686 411 753 411 755 409 776 394 778 394 778 394 778 394 780 394 780 394 782 394 782 394 782 394 847 407 853 407 940 407 942 405 958 392 958 392 960 392 960 392 960 392 962 392 962 392 962 392 964 392 964 392 1025 402 1048 390 1048 390 1048 390 1050 390 1050 390 1052 390 1287 400 1291 459 1289 471 1117 469 1082 474 1033 482 1033 482 1031 482 1031 482 966 474 922 471 916 476 908 482 908 484 908 484 906 484 906 484 906 484 904 484 904 484 904 486 851 486 849 484 849 484 847 484 818 476 798 473 790 478 784 482 782 482 782 482 782 482 780 482 780 482 780 482 778 482 719 478 686 476 668 478 615 488 615 488 613 488 613 488 613 488 575 480 559 476 550 480 526 490 526 490 524 490 524 490 524 490 522 490 431 482 429 482 429 482 398 492 396 492 396 492 396 492 394 492 394 492 307 482 276 480 260 484 226 492 224 492 224 492 222 492 222 492 141 484"/></Shape>
	    <String CONTENT="mer: lequel prouient en partie de l’autre."
                    HPOS="136"
                    VPOS="390"
                    WIDTH="1155"
                    HEIGHT="102"></String>
          </TextLine>

          
          
          <TextLine ID="eSc_line_767b9166"
                    TAGREFS="LT1422"
                    BASELINE="145 555 1297 536" 
                    HPOS="138"
                    VPOS="469"
                    WIDTH="1159"
                    HEIGHT="104">
            <Shape><Polygon POINTS="145 555 138 502 161 486 163 486 163 486 163 486 165 486 165 486 167 486 167 486 167 486 232 498 258 484 258 484 258 484 260 484 260 484 260 484 262 484 262 484 354 496 392 482 392 482 394 482 394 482 394 482 396 482 396 482 473 494 475 494 479 494 550 482 550 482 552 482 552 482 552 482 554 482 554 482 575 492 577 492 577 492 611 478 611 478 613 478 613 478 615 478 615 478 615 478 670 490 674 490 678 490 715 476 715 476 717 476 717 476 719 476 719 476 824 486 832 486 832 486 849 474 851 474 851 474 851 474 853 474 853 474 855 474 855 474 855 474 857 474 857 474 857 474 859 474 859 474 859 476 869 486 871 486 897 484 1001 476 1003 476 1003 476 1003 476 1005 476 1023 482 1033 484 1044 480 1070 473 1072 473 1072 473 1072 473 1074 473 1074 473 1074 473 1076 473 1102 480 1108 482 1111 480 1117 474 1117 473 1117 473 1119 473 1119 473 1119 473 1121 473 1121 473 1123 473 1123 473 1123 473 1125 473 1125 473 1141 478 1151 482 1171 478 1218 469 1218 469 1218 469 1220 469 1293 476 1297 536 1293 549 952 549 938 555 922 561 922 561 920 561 920 561 920 561 918 561 918 561 916 561 916 561 899 555 887 551 761 551 739 557 707 563 707 563 707 563 705 563 705 563 666 557 646 555 623 559 569 567 569 567 567 567 567 567 567 567 565 567 542 559 534 557 532 559 522 567 522 567 520 567 520 567 518 567 518 567 518 567 516 567 423 561 417 561 416 561 376 571 374 571 374 571 372 571 372 571 279 563 262 561 258 563 246 573 246 573 244 573 244 573 244 573 242 573 242 573 240 573 240 573 143 563"/></Shape>
	    <String CONTENT="Car le plus grand enchantement, qui ſoit"
                    HPOS="138"
                    VPOS="469"
                    WIDTH="1159"
                    HEIGHT="104"></String>
          </TextLine>

          
          
          <TextLine ID="eSc_line_907ddd0b"
                    TAGREFS="LT1422"
                    BASELINE="151 632 1299 614" 
                    HPOS="147"
                    VPOS="545"
                    WIDTH="1152"
                    HEIGHT="105">
            <Shape><Polygon POINTS="151 632 147 577 236 561 236 561 236 561 238 561 374 569 406 571 530 571 540 565 563 555 563 555 565 555 565 555 565 555 567 555 567 555 567 555 605 563 623 567 634 563 658 553 658 553 660 553 660 553 660 553 662 553 784 559 897 563 946 553 973 549 973 549 973 549 975 549 1031 551 1169 559 1293 545 1299 614 1297 632 1173 624 1048 636 1031 638 1029 638 1029 638 1017 638 932 628 893 640 889 640 887 640 887 640 885 640 885 640 875 640 808 630 792 640 792 642 792 642 790 642 790 642 790 642 788 642 788 642 786 642 786 642 786 642 778 642 735 632 672 642 660 644 660 644 658 644 658 644 644 644 577 636 481 646 471 646 471 646 469 646 469 646 467 646 465 646 431 636 384 648 378 648 378 648 378 648 376 648 356 648 228 640 151 650"/></Shape>
	    <String CONTENT="pour eſtre aymé, s’eſt aymer. Ayez tant de"
                    HPOS="147"
                    VPOS="545"
                    WIDTH="1152"
                    HEIGHT="105"></String>
          </TextLine>

          
          
          <TextLine ID="eSc_line_8b83210d"
                    TAGREFS="LT1422"
                    BASELINE="145 713 1297 687" 
                    HPOS="138"
                    VPOS="620"
                    WIDTH="1159"
                    HEIGHT="103">
            <Shape><Polygon POINTS="145 713 138 658 173 644 173 644 175 644 175 644 177 644 177 644 291 654 299 654 299 654 309 642 311 642 311 640 311 640 313 640 313 640 313 640 315 640 315 640 317 640 317 640 317 640 319 640 319 640 321 640 337 650 378 640 380 640 380 640 382 640 382 640 382 640 384 640 384 640 386 640 386 640 386 640 398 652 398 652 400 652 433 640 435 640 435 640 435 640 437 640 536 648 542 648 550 648 753 630 755 630 755 630 755 630 757 630 790 640 839 628 841 628 841 628 843 628 843 628 920 640 926 640 928 640 944 626 944 626 946 626 946 626 946 626 948 626 948 626 950 626 950 626 950 626 1007 638 1013 638 1167 636 1169 634 1194 620 1194 620 1194 620 1196 620 1196 620 1196 620 1198 620 1198 620 1200 620 1200 620 1200 620 1202 620 1220 632 1222 632 1291 632 1297 687 1297 701 145 723"/></Shape>
	    <String CONTENT="ſufumigacions, tant de characteres, adiura¬"
                    HPOS="138"
                    VPOS="620"
                    WIDTH="1159"
                    HEIGHT="103"></String>
          </TextLine>

          
          
          <TextLine ID="eSc_line_11d0026b"
                    TAGREFS="LT1422"
                    BASELINE="147 792 1297 766" 
                    HPOS="145"
                    VPOS="701"
                    WIDTH="1154"
                    HEIGHT="110">
            <Shape><Polygon POINTS="147 792 145 727 222 735 264 725 266 725 268 725 268 725 270 725 270 725 270 725 272 725 274 725 305 737 319 725 319 725 321 725 321 725 321 725 321 725 323 725 323 725 325 725 378 725 378 725 378 725 378 725 380 725 380 725 380 725 402 735 463 723 498 717 498 717 498 717 500 717 500 717 536 723 585 731 670 721 763 711 763 711 764 711 764 711 766 711 766 711 792 721 804 725 812 721 824 711 826 711 826 711 826 711 828 711 828 711 830 711 830 711 830 711 832 711 832 711 832 711 833 711 833 711 833 713 841 719 853 711 855 711 855 711 855 711 857 711 857 711 859 711 859 711 859 711 861 711 861 711 861 711 863 711 875 719 877 721 879 719 889 711 889 711 891 711 891 711 891 711 893 711 893 711 893 711 895 711 895 711 897 711 924 719 938 723 946 719 968 709 968 709 968 709 970 709 970 709 971 709 971 709 971 709 1015 719 1029 721 1058 719 1206 701 1206 701 1208 701 1208 701 1293 717 1297 766 1299 772 1271 788 1271 788 1271 788 1269 788 1269 788 1269 788 1267 788 1119 778 1044 778 1023 794 1021 794 1021 794 1021 794 1019 794 1019 794 1017 794 1017 794 1017 794 950 782 928 796 926 796 926 796 924 796 924 796 924 796 853 798 851 798 447 794 425 794 423 794 384 808 384 808 382 808 382 808 380 808 380 808 268 798 260 798 258 798 230 811 230 811 230 811 228 811 228 811 226 811 226 811 145 800"/></Shape>
	    <String CONTENT="cions, poudres, &amp; pierres, que voudrez:"
                    HPOS="145"
                    VPOS="701"
                    WIDTH="1154"
                    HEIGHT="110"></String>
          </TextLine>

          
          
          <TextLine ID="eSc_line_38c67458"
                    TAGREFS="LT1422"
                    BASELINE="147 869 1295 845" 
                    HPOS="141"
                    VPOS="780"
                    WIDTH="1154"
                    HEIGHT="97">
            <Shape><Polygon POINTS="147 869 141 817 181 806 183 806 183 806 183 806 185 806 185 806 187 806 220 813 242 800 244 800 244 800 244 800 246 800 246 800 248 800 248 800 248 800 250 800 293 811 333 798 333 798 335 798 335 798 337 798 337 798 419 806 435 796 437 796 437 796 437 796 439 796 439 796 439 796 563 794 565 794 565 794 567 794 607 806 621 794 621 792 623 792 623 792 623 792 624 792 624 792 624 792 626 792 626 792 628 792 628 792 658 804 686 792 686 792 688 792 688 792 688 792 690 792 800 802 804 802 810 802 908 786 908 786 910 786 910 786 910 786 912 786 952 798 952 798 1177 796 1180 794 1234 780 1236 780 1236 780 1238 780 1238 780 1238 780 1291 792 1295 845 1295 861 147 877"/></Shape>
	    <String CONTENT="mais ſi ſauez bien vous ayder, montrant &amp;"
                    HPOS="141"
                    VPOS="780"
                    WIDTH="1154"
                    HEIGHT="97"></String>
          </TextLine>

          
          
          <TextLine ID="eSc_line_cef1af0c"
                    TAGREFS="LT1422"
                    BASELINE="147 947 1299 922" 
                    HPOS="139"
                    VPOS="855"
                    WIDTH="1160"
                    HEIGHT="108">
            <Shape><Polygon POINTS="147 947 139 894 161 878 161 878 163 878 163 878 163 878 165 878 165 878 167 878 467 882 583 884 605 878 623 873 624 873 624 873 624 873 626 873 626 873 628 873 628 873 628 873 630 873 630 873 630 875 634 877 640 882 737 882 753 873 770 865 770 865 770 865 772 865 772 865 774 865 774 865 774 865 806 871 839 878 865 869 881 863 881 863 883 863 883 863 883 863 885 863 885 863 887 863 906 867 942 877 1293 855 1299 922 1299 930 228 963 226 963 226 963 145 953"/></Shape>
	    <String CONTENT="declarant votre amour: il n’y aura beſoin"
                    HPOS="139"
                    VPOS="855"
                    WIDTH="1160"
                    HEIGHT="108"></String>
          </TextLine>

          
          
          <TextLine ID="eSc_line_19f5d37c"
                    TAGREFS="LT1422"
                    BASELINE="147 1026 1295 997" 
                    HPOS="143"
                    VPOS="932"
                    WIDTH="1152"
                    HEIGHT="110">
            <Shape><Polygon POINTS="147 1026 143 963 347 967 356 959 360 955 360 953 360 953 362 953 362 953 362 953 364 953 364 953 366 953 433 953 433 953 433 953 461 957 506 963 548 955 589 947 589 947 591 947 591 947 591 947 624 953 650 959 656 953 666 946 666 946 668 946 668 946 668 946 670 946 670 946 670 946 672 946 672 946 674 946 674 946 694 953 705 957 715 953 729 946 729 946 729 946 731 946 731 946 731 946 733 946 733 946 768 951 792 955 826 951 901 940 901 940 902 940 902 940 904 940 904 940 930 949 938 951 993 947 1125 938 1125 938 1127 938 1127 938 1175 946 1182 946 1184 944 1198 934 1198 932 1198 932 1200 932 1200 932 1202 932 1202 932 1202 932 1204 932 1204 932 1291 944 1295 997 1295 1007 1064 1026 1064 1026 962 1028 960 1028 960 1028 958 1028 914 1016 912 1016 912 1016 897 1030 897 1030 895 1030 895 1030 895 1030 893 1030 893 1030 893 1030 891 1030 891 1030 889 1030 843 1018 839 1018 835 1018 749 1034 749 1034 747 1034 747 1034 654 1024 528 1040 528 1040 526 1040 526 1040 526 1040 473 1028 427 1040 425 1040 425 1040 423 1040 423 1040 423 1040 421 1040 421 1040 419 1040 404 1030 258 1042 258 1042 256 1042 145 1034"/></Shape>
	    <String CONTENT="de ces eſtranges receptes. Donq pour ſe fai¬"
                    HPOS="143"
                    VPOS="932"
                    WIDTH="1152"
                    HEIGHT="110"></String>
          </TextLine>

          
          
          <TextLine ID="eSc_line_9b0bad01"
                    TAGREFS="LT1422"
                    BASELINE="147 1105 1295 1076" 
                    HPOS="141"
                    VPOS="1007"
                    WIDTH="1154"
                    HEIGHT="116">
            <Shape><Polygon POINTS="147 1105 141 1044 607 1022 609 1022 609 1022 697 1030 719 1032 723 1030 743 1020 743 1020 743 1020 745 1020 745 1020 745 1020 747 1020 747 1020 794 1028 808 1030 828 1028 906 1016 906 1016 908 1016 908 1016 910 1016 910 1016 934 1026 936 1026 936 1026 946 1016 946 1014 946 1014 948 1014 948 1014 948 1014 950 1014 950 1014 950 1014 952 1014 952 1014 954 1014 954 1014 954 1014 975 1024 975 1024 1102 1024 1106 1022 1137 1009 1137 1009 1139 1009 1139 1009 1141 1009 1141 1009 1141 1009 1192 1020 1198 1020 1200 1020 1224 1007 1224 1007 1224 1007 1226 1007 1226 1007 1226 1007 1228 1007 1228 1007 1291 1018 1295 1076 1293 1085 1129 1101 1129 1101 1127 1101 1127 1101 1125 1101 1088 1091 1084 1091 1082 1091 1066 1103 1064 1103 1064 1103 1064 1103 1062 1103 1062 1103 1060 1103 1060 1103 1060 1103 1011 1093 1003 1093 999 1095 971 1105 971 1105 970 1105 970 1105 968 1105 968 1105 968 1105 928 1097 928 1097 928 1097 778 1109 776 1109 776 1109 776 1109 774 1109 774 1109 772 1109 761 1101 757 1099 733 1101 662 1111 662 1111 660 1111 660 1111 624 1105 611 1103 559 1107 425 1117 423 1117 423 1117 356 1113 333 1111 323 1113 289 1123 287 1123 287 1123 285 1123 145 1117"/></Shape>
	    <String CONTENT="re aymer, il faut eſtre aymable. Et non ſim¬"
                    HPOS="141"
                    VPOS="1007"
                    WIDTH="1154"
                    HEIGHT="116"></String>
          </TextLine>

          
          
          <TextLine ID="eSc_line_bb7acf21"
                    TAGREFS="LT1422"
                    BASELINE="155 1182 1299 1156" 
                    HPOS="151"
                    VPOS="1087"
                    WIDTH="1148"
                    HEIGHT="117">
            <Shape><Polygon POINTS="155 1182 151 1119 329 1107 331 1107 421 1111 536 1115 571 1107 591 1101 593 1101 593 1101 595 1101 595 1101 595 1101 597 1101 613 1105 644 1113 761 1111 770 1101 772 1099 772 1099 774 1099 774 1099 774 1099 776 1099 776 1099 776 1099 778 1099 806 1099 936 1107 977 1095 985 1093 987 1093 987 1093 989 1093 989 1093 989 1093 991 1093 997 1095 1031 1105 1042 1093 1044 1093 1044 1091 1046 1091 1046 1091 1046 1091 1048 1091 1048 1091 1048 1091 1050 1091 1050 1091 1052 1091 1052 1091 1052 1091 1056 1093 1074 1103 1088 1091 1088 1091 1088 1091 1090 1091 1090 1091 1090 1091 1092 1091 1092 1091 1094 1091 1094 1091 1106 1091 1206 1101 1293 1087 1299 1156 1299 1168 1137 1182 1135 1182 1135 1182 1135 1182 1133 1182 1133 1182 1117 1174 1106 1170 1084 1176 1068 1180 1066 1180 1066 1180 1064 1180 1064 1180 1041 1178 1005 1172 979 1180 948 1188 946 1188 946 1188 944 1188 944 1188 883 1182 822 1176 749 1186 719 1190 719 1190 717 1190 717 1190 715 1190 715 1190 707 1188 684 1178 666 1188 660 1194 658 1194 658 1194 658 1194 656 1194 656 1194 654 1194 654 1194 654 1194 652 1194 652 1194 652 1194 650 1194 644 1190 636 1184 611 1190 597 1194 595 1194 595 1194 593 1194 552 1192 461 1188 453 1196 451 1196 451 1198 451 1198 449 1198 449 1198 449 1198 447 1198 447 1198 445 1198 445 1198 445 1198 443 1198 443 1198 443 1198 439 1196 419 1186 321 1198 321 1198 319 1198 319 1198 260 1190 155 1204"/></Shape>
	    <String CONTENT="plement aymable, mais au gré de celui qui"
                    HPOS="151"
                    VPOS="1087"
                    WIDTH="1148"
                    HEIGHT="117"></String>
          </TextLine>

          
          
          <TextLine ID="eSc_line_152fdfdf"
                    TAGREFS="LT1422"
                    BASELINE="153 1259 1303 1233" 
                    HPOS="147"
                    VPOS="1166"
                    WIDTH="1156"
                    HEIGHT="113">
            <Shape><Polygon POINTS="153 1259 147 1206 246 1188 246 1188 248 1188 248 1188 248 1188 307 1200 311 1200 317 1200 416 1184 416 1184 524 1182 526 1182 526 1182 528 1182 559 1192 567 1194 579 1192 615 1180 617 1180 617 1180 617 1180 619 1180 619 1180 680 1188 686 1188 692 1188 735 1178 735 1178 735 1178 737 1178 737 1178 737 1178 739 1178 739 1178 757 1186 768 1190 1186 1182 1202 1172 1208 1166 1210 1166 1210 1166 1210 1166 1212 1166 1212 1166 1214 1166 1214 1166 1214 1166 1238 1170 1277 1178 1293 1168 1303 1233 1303 1241 1206 1259 1206 1259 1206 1259 1204 1259 1041 1249 1041 1249 1039 1249 1019 1263 1017 1263 1017 1263 1017 1263 1015 1263 1015 1263 1013 1263 1013 1263 1013 1263 971 1255 950 1265 950 1265 950 1265 948 1265 948 1265 946 1265 946 1265 887 1257 707 1267 705 1267 705 1267 705 1267 703 1267 703 1267 703 1267 701 1267 690 1259 682 1269 680 1269 680 1271 680 1271 678 1271 678 1271 678 1271 676 1271 676 1271 674 1271 674 1271 674 1271 672 1271 634 1261 563 1273 563 1273 563 1273 561 1273 443 1263 435 1263 429 1263 360 1277 360 1277 360 1277 358 1277 358 1277 356 1277 356 1277 356 1277 335 1267 309 1279 309 1279 307 1279 307 1279 307 1279 305 1279 305 1279 305 1279 252 1267 248 1267 242 1267 210 1277 208 1277 208 1277 207 1277 207 1277 151 1269"/></Shape>
	    <String CONTENT="eſt aymé: auquel ſe faut renger, &amp; meſurer"
                    HPOS="147"
                    VPOS="1166"
                    WIDTH="1156"
                    HEIGHT="113"></String>
          </TextLine>

          
          
          <TextLine ID="eSc_line_50ce4367"
                    TAGREFS="LT1422"
                    BASELINE="157 1338 1303 1310" 
                    HPOS="153"
                    VPOS="1243"
                    WIDTH="1150"
                    HEIGHT="105">
            <Shape><Polygon POINTS="157 1338 153 1286 236 1267 236 1267 236 1267 238 1267 372 1279 425 1263 427 1263 427 1263 427 1263 429 1263 429 1263 431 1263 481 1277 546 1275 561 1261 561 1261 563 1261 563 1261 563 1261 565 1261 565 1261 567 1261 567 1261 567 1261 621 1271 640 1257 642 1257 642 1257 642 1257 644 1257 644 1257 646 1257 646 1257 766 1269 806 1253 806 1253 808 1253 808 1253 808 1253 810 1253 810 1253 812 1253 812 1253 853 1267 970 1267 1021 1265 1052 1247 1052 1247 1052 1247 1054 1247 1054 1247 1054 1247 1056 1247 1056 1247 1058 1247 1058 1247 1058 1247 1060 1247 1084 1263 1133 1263 1232 1243 1232 1243 1234 1243 1234 1243 1234 1243 1299 1259 1303 1310 1301 1320 1220 1332 1220 1332 1218 1332 1218 1332 1153 1324 1143 1324 1141 1324 1121 1334 1121 1334 1121 1334 1119 1334 1119 1334 1119 1334 157 1348"/></Shape>
	    <String CONTENT="tout ce que voudrez faire ou dire. Soyez"
                    HPOS="153"
                    VPOS="1243"
                    WIDTH="1150"
                    HEIGHT="105"></String>
          </TextLine>

          
          
          <TextLine ID="eSc_line_38fd14aa"
                    TAGREFS="LT1422"
                    BASELINE="163 1417 1303 1387" 
                    HPOS="155"
                    VPOS="1328"
                    WIDTH="1148"
                    HEIGHT="106">
            <Shape><Polygon POINTS="163 1417 155 1361 187 1344 187 1344 187 1344 189 1344 189 1344 189 1344 191 1344 447 1350 557 1334 557 1334 559 1334 559 1334 561 1334 603 1344 644 1334 646 1334 646 1334 648 1334 648 1334 648 1334 650 1334 650 1334 650 1334 652 1334 652 1334 652 1336 660 1344 688 1330 688 1330 688 1330 690 1330 690 1330 692 1330 741 1332 741 1332 741 1332 743 1332 743 1332 743 1332 745 1332 745 1332 745 1334 757 1346 780 1334 780 1334 780 1334 782 1334 782 1334 784 1334 784 1334 784 1334 835 1344 861 1330 861 1330 861 1330 863 1330 863 1330 863 1330 865 1330 865 1330 865 1330 867 1330 899 1340 946 1328 948 1328 948 1328 950 1328 950 1328 950 1328 952 1328 952 1328 983 1340 1066 1328 1066 1328 1068 1328 1299 1334 1303 1387 1303 1395 1216 1409 1216 1409 1216 1411 902 1411 772 1411 764 1415 751 1420 751 1420 751 1420 749 1420 749 1420 749 1420 747 1420 747 1420 717 1417 694 1413 658 1419 617 1424 617 1424 615 1424 548 1422 467 1419 163 1434"/></Shape>
	    <String CONTENT="paiſible &amp; diſcret. Si votre Amie ne vous"
                    HPOS="155"
                    VPOS="1328"
                    WIDTH="1148"
                    HEIGHT="106"></String>
          </TextLine>

          
          
          <TextLine ID="eSc_line_619a97be"
                    TAGREFS="LT1422"
                    BASELINE="161 1493 1220 1472 1289 1466 1303 1454" 
                    HPOS="157"
                    VPOS="1399"
                    WIDTH="1144"
                    HEIGHT="106">
            <Shape><Polygon POINTS="159 1491 159 1501 510 1505 512 1505 1301 1482 1301 1452 1283 1399 1242 1417 1163 1417 1119 1405 1113 1403 1111 1403 1110 1403 1108 1403 1106 1403 1104 1405 1086 1417 1058 1407 1054 1405 1052 1405 1050 1405 1048 1405 1041 1407 999 1420 806 1415 768 1415 766 1415 747 1417 684 1426 656 1420 628 1413 626 1413 624 1413 623 1413 587 1422 563 1428 546 1424 516 1417 514 1417 512 1417 414 1428 392 1430 386 1430 347 1419 345 1419 343 1419 341 1419 297 1432 289 1434 276 1432 216 1426 214 1426 157 1436 159 1491"/></Shape>
	    <String CONTENT="veut eſtre telle, il faut changer voile, &amp; naui¬"
                    HPOS="157"
                    VPOS="1399"
                    WIDTH="1144"
                    HEIGHT="106"></String>
          </TextLine>

          
          
          <TextLine ID="eSc_line_fdb297e7"
                    TAGREFS="LT1422"
                    BASELINE="169 1576 240 1568 1001 1556 1303 1541" 
                    HPOS="165"
                    VPOS="1480"
                    WIDTH="1138"
                    HEIGHT="110">
            <Shape><Polygon POINTS="169 1576 165 1511 354 1499 356 1499 356 1499 356 1499 392 1507 417 1511 431 1505 453 1495 453 1495 455 1495 455 1495 455 1495 457 1495 457 1495 459 1495 459 1495 483 1505 496 1509 530 1503 571 1497 571 1497 573 1497 573 1497 573 1497 603 1503 626 1507 636 1501 656 1491 656 1491 656 1491 658 1491 658 1491 658 1491 660 1491 660 1491 662 1491 695 1501 713 1505 759 1499 816 1493 816 1493 818 1493 871 1497 908 1501 918 1497 944 1486 944 1486 944 1486 946 1486 946 1486 948 1486 948 1486 1041 1495 1066 1497 1070 1495 1092 1482 1094 1482 1094 1482 1096 1482 1096 1482 1096 1482 1098 1482 1098 1482 1100 1482 1141 1493 1151 1495 1240 1493 1240 1491 1251 1482 1251 1480 1251 1480 1253 1480 1253 1480 1253 1480 1255 1480 1255 1480 1255 1480 1257 1480 1257 1480 1259 1480 1301 1491 1303 1541 1303 1554 1190 1570 1190 1570 1188 1570 1188 1570 1133 1560 1127 1560 928 1562 922 1568 912 1576 912 1576 910 1576 910 1576 908 1576 908 1576 908 1576 906 1576 906 1576 861 1568 837 1566 169 1590"/></Shape>
	    <String CONTENT="guer d’un autre vent: ou ne ſe meſler point"
                    HPOS="165"
                    VPOS="1480"
                    WIDTH="1138"
                    HEIGHT="110"></String>
          </TextLine>

          
          
          <TextLine ID="eSc_line_d53d7c34"
                    TAGREFS="LT1422"
                    BASELINE="161 1647 1301 1621" 
                    HPOS="153"
                    VPOS="1553"
                    WIDTH="1148"
                    HEIGHT="116">
            <Shape><Polygon POINTS="161 1647 153 1590 191 1578 193 1578 193 1578 193 1578 195 1578 195 1578 254 1586 272 1588 285 1584 327 1574 329 1574 329 1574 331 1574 331 1574 331 1574 333 1574 333 1574 354 1582 364 1586 380 1582 414 1572 416 1572 416 1572 416 1572 417 1572 417 1572 461 1580 492 1584 508 1578 524 1570 524 1570 526 1570 526 1570 526 1570 528 1570 528 1570 528 1570 557 1576 587 1582 595 1574 601 1570 601 1568 601 1568 603 1568 603 1568 603 1568 605 1568 605 1568 605 1568 607 1568 690 1572 792 1576 835 1566 857 1562 857 1562 857 1562 859 1562 859 1562 859 1562 861 1562 861 1562 869 1566 889 1574 897 1566 897 1564 897 1564 897 1564 899 1564 899 1564 899 1564 901 1564 901 1564 901 1564 902 1564 902 1564 904 1564 906 1564 940 1574 958 1562 960 1560 962 1560 962 1560 962 1560 964 1560 964 1560 966 1560 966 1560 966 1560 968 1560 973 1562 1003 1572 1025 1560 1029 1558 1029 1558 1029 1558 1031 1558 1031 1558 1031 1558 1033 1558 1060 1558 1202 1568 1295 1553 1301 1621 1299 1635 772 1657 770 1657 770 1657 721 1649 682 1659 680 1659 680 1659 678 1659 678 1659 615 1651 599 1649 557 1651 390 1665 388 1665 388 1665 388 1665 347 1657 337 1655 325 1657 248 1669 248 1669 246 1669 246 1669 246 1669 244 1669 244 1669 244 1669 242 1669 242 1669 230 1659 230 1659 161 1659"/></Shape>
	    <String CONTENT="d’aymer. Zethe &amp; Amphion ne ſe pouuoiẽt"
                    HPOS="153"
                    VPOS="1553"
                    WIDTH="1148"
                    HEIGHT="116"></String>
          </TextLine>

          
          
          <TextLine ID="eSc_line_c32312e3"
                    TAGREFS="LT1422"
                    BASELINE="163 1724 1184 1706 1291 1700 1307 1692" 
                    HPOS="159"
                    VPOS="1635"
                    WIDTH="1146"
                    HEIGHT="109">
            <Shape><Polygon POINTS="161 1722 161 1732 264 1744 266 1744 268 1744 291 1730 293 1730 297 1730 358 1742 360 1742 455 1740 457 1740 488 1726 492 1726 494 1726 524 1738 526 1738 528 1738 530 1738 532 1738 550 1728 1021 1730 1023 1730 1025 1730 1056 1718 1115 1728 1117 1728 1119 1728 1121 1728 1137 1714 1194 1714 1206 1724 1206 1726 1208 1726 1210 1726 1212 1726 1214 1726 1216 1726 1234 1712 1305 1710 1305 1690 1295 1641 1263 1635 1261 1635 1259 1635 1240 1641 1214 1651 1184 1643 1161 1637 1159 1637 1157 1637 1155 1637 1131 1645 1108 1653 1096 1645 1086 1639 1084 1639 1082 1639 1080 1639 1078 1639 1050 1647 1023 1655 995 1649 958 1641 956 1641 954 1641 952 1641 938 1651 926 1657 881 1653 849 1649 847 1649 845 1649 832 1653 812 1661 761 1661 753 1655 739 1645 737 1645 735 1645 733 1645 731 1645 729 1645 713 1657 705 1661 656 1659 498 1649 496 1649 423 1665 419 1665 416 1665 303 1653 301 1653 299 1653 266 1669 193 1655 191 1655 189 1655 159 1669 161 1722"/></Shape>
	    <String CONTENT="acorder, pource que la vacacion de l’un ne"
                    HPOS="159"
                    VPOS="1635"
                    WIDTH="1146"
                    HEIGHT="109"></String>
          </TextLine>

          
          
          <TextLine ID="eSc_line_91db9385"
                    TAGREFS="LT1422"
                    BASELINE="167 1805 1232 1783 1289 1779 1307 1768" 
                    HPOS="163"
                    VPOS="1710"
                    WIDTH="1142"
                    HEIGHT="114">
            <Shape><Polygon POINTS="165 1803 165 1824 382 1809 883 1811 889 1811 891 1811 981 1797 1015 1809 1017 1809 1019 1809 1117 1807 1119 1807 1121 1807 1135 1793 1244 1791 1303 1803 1305 1767 1295 1716 1216 1710 1214 1710 1212 1710 1210 1710 1198 1718 1175 1732 1050 1724 1048 1724 1046 1724 1017 1736 914 1726 853 1720 851 1720 849 1720 826 1728 804 1736 770 1730 725 1722 723 1722 721 1722 719 1722 719 1724 711 1732 699 1744 638 1744 615 1734 589 1724 587 1724 585 1724 583 1724 554 1736 530 1746 510 1738 485 1726 483 1726 481 1726 479 1726 447 1740 439 1742 433 1740 410 1728 408 1728 406 1728 293 1730 291 1730 289 1730 277 1740 264 1730 262 1730 260 1730 258 1730 163 1746 165 1803"/></Shape>
	    <String CONTENT="plaiſoit à l’autre. Amphion ayma mieus"
                    HPOS="163"
                    VPOS="1710"
                    WIDTH="1142"
                    HEIGHT="114"></String>
          </TextLine>

          
          
          <TextLine ID="eSc_line_de672b43"
                    TAGREFS="LT1422"
                    BASELINE="163 1884 1180 1862 1289 1856 1309 1843" 
                    HPOS="159"
                    VPOS="1791"
                    WIDTH="1148"
                    HEIGHT="110">
            <Shape><Polygon POINTS="161 1882 161 1892 183 1901 185 1901 187 1901 248 1890 254 1890 266 1890 404 1897 406 1897 408 1897 410 1897 421 1886 423 1886 471 1895 473 1895 540 1884 552 1882 593 1882 877 1888 879 1888 881 1888 910 1878 1123 1880 1125 1880 1307 1864 1307 1842 1295 1791 1165 1791 1163 1791 1161 1791 1159 1791 1155 1795 1137 1809 1111 1809 1102 1797 1098 1795 1098 1793 1096 1793 1094 1793 1092 1793 1090 1793 1080 1797 1054 1811 934 1811 924 1803 922 1801 920 1801 918 1801 916 1801 914 1801 904 1803 875 1813 812 1807 743 1801 741 1801 650 1813 644 1813 642 1813 613 1803 611 1803 609 1803 607 1803 605 1803 605 1805 603 1805 595 1815 595 1817 518 1821 494 1819 441 1811 439 1811 437 1811 416 1821 414 1823 410 1821 388 1811 386 1811 384 1811 327 1824 323 1824 319 1824 276 1811 274 1811 272 1811 201 1813 199 1813 159 1826 161 1882"/></Shape>
	    <String CONTENT="changer, &amp; retourner en grace auec ſon fre¬"
                    HPOS="159"
                    VPOS="1791"
                    WIDTH="1148"
                    HEIGHT="110"></String>
          </TextLine>

          
          
          <TextLine ID="eSc_line_3e48d26b"
                    TAGREFS="LT1422"
                    BASELINE="165 1959 1308 1931" 
                    HPOS="161"
                    VPOS="1866"
                    WIDTH="1146"
                    HEIGHT="108">
            <Shape><Polygon POINTS="163 1957 163 1966 317 1974 319 1974 321 1974 323 1974 335 1964 337 1964 354 1964 516 1970 518 1970 583 1960 605 1959 640 1960 725 1964 727 1964 729 1964 731 1964 741 1959 747 1955 796 1959 871 1962 873 1962 1307 1949 1307 1929 1303 1880 1253 1870 1251 1870 1200 1882 1196 1882 1192 1882 1145 1866 1143 1866 1141 1866 1064 1886 1056 1886 1050 1886 1001 1876 999 1876 997 1876 995 1876 977 1888 973 1890 835 1890 792 1876 790 1876 788 1876 786 1876 755 1892 727 1878 725 1878 670 1878 668 1878 666 1878 664 1878 664 1880 646 1893 597 1880 595 1880 593 1880 591 1880 542 1897 540 1897 534 1897 417 1884 416 1884 287 1888 285 1888 283 1888 270 1899 222 1890 220 1890 218 1890 161 1905 163 1957"/></Shape>
	    <String CONTENT="re. Si la femme que vous aymez eſt auare,"
                    HPOS="161"
                    VPOS="1866"
                    WIDTH="1146"
                    HEIGHT="108"></String>
          </TextLine>

          
          
          <TextLine ID="eSc_line_ef56502f"
                    TAGREFS="LT1422"
                    BASELINE="167 2037 1137 2020 1291 2012 1311 2003" 
                    HPOS="163"
                    VPOS="1945"
                    WIDTH="1146"
                    HEIGHT="98">
            <Shape><Polygon POINTS="165 2035 165 2043 1309 2024 1309 2002 1301 1949 1238 1945 1236 1945 1234 1945 1214 1949 1171 1962 1070 1962 1058 1953 1056 1951 1054 1951 1052 1951 1050 1951 1035 1953 979 1964 938 1955 922 1953 920 1953 918 1953 904 1957 865 1968 565 1968 550 1962 536 1959 534 1959 532 1959 530 1959 528 1959 522 1964 512 1970 492 1964 473 1959 471 1959 469 1959 431 1966 414 1968 402 1966 368 1960 366 1960 364 1960 362 1960 352 1968 345 1972 311 1968 266 1962 264 1962 163 1970 165 2035"/></Shape>
	    <String CONTENT="il faut ſe tranſmuer en or, &amp; tomber ainſi en"
                    HPOS="163"
                    VPOS="1945"
                    WIDTH="1146"
                    HEIGHT="98"></String>
          </TextLine>

          
          
          <TextLine ID="eSc_line_fe6c94cf"
                    TAGREFS="LT1422"
                    BASELINE="167 2116 971 2102 1317 2085" 
                    HPOS="163"
                    VPOS="2018"
                    WIDTH="1152"
                    HEIGHT="124">
            <Shape><Polygon POINTS="1311 2059 1309 2031 1263 2035 1257 2031 1242 2018 1240 2018 1238 2018 1236 2018 1234 2018 1194 2031 1179 2037 1165 2033 1143 2026 1141 2026 1139 2026 1137 2026 1135 2026 1135 2027 1127 2033 1119 2039 1070 2033 1039 2031 1037 2031 1035 2031 1025 2035 1007 2041 991 2035 960 2024 958 2024 956 2024 954 2024 952 2024 952 2026 938 2035 930 2045 768 2047 741 2039 707 2029 705 2029 703 2029 701 2029 699 2029 699 2031 690 2039 686 2045 678 2039 668 2033 666 2033 664 2033 607 2031 605 2031 603 2031 601 2031 589 2041 581 2047 526 2043 443 2035 441 2035 439 2035 437 2035 437 2037 429 2043 419 2057 384 2057 366 2045 354 2037 352 2037 350 2037 348 2037 163 2047 165 2114 165 2130 279 2142 281 2142 283 2142 285 2142 299 2130 329 2142 331 2142 333 2142 416 2128 429 2126 455 2126 601 2136 603 2136 668 2124 692 2120 713 2124 763 2132 764 2132 869 2122 887 2120 897 2120 942 2128 944 2128 946 2128 964 2120 968 2118 1011 2120 1127 2124 1129 2124 1131 2124 1157 2118 1177 2112 1188 2116 1196 2120 1198 2120 1200 2120 1202 2120 1204 2120 1208 2116 1222 2108 1313 2114 1315 2083 1313 2077 1311 2059"/></Shape>
	    <String CONTENT="ſon ſein. Tous les ſeruiteurs &amp; amis d’Ata¬"
                    HPOS="163"
                    VPOS="2018"
                    WIDTH="1152"
                    HEIGHT="124"></String>
          </TextLine>

          
        </TextBlock>
        
        <TextBlock HPOS="1215"
                   VPOS="2115"
                   WIDTH="104"
                   HEIGHT="61"
                   ID="eSc_textblock_f22b0df7"
                   TAGREFS="BT4318">
          <Shape><Polygon POINTS="1215 2115 1215 2176 1319 2176 1319 2115"/></Shape>
          
          
          <TextLine ID="eSc_line_458fdc17"
                    TAGREFS="LT1422"
                    BASELINE="1210 2171 1314 2162" 
                    HPOS="1202"
                    VPOS="2104"
                    WIDTH="111"
                    HEIGHT="83">
            <Shape><Polygon POINTS="1301 2116 1281 2116 1261 2116 1242 2116 1222 2116 1212 2104 1202 2104 1208 2169 1208 2187 1313 2175 1313 2160 1307 2116 1301 2116"/></Shape>
	    <String CONTENT="lanta"
                    HPOS="1202"
                    VPOS="2104"
                    WIDTH="111"
                    HEIGHT="83"></String>
          </TextLine>

          
        </TextBlock>
        

        
      </PrintSpace>
    </Page>
  </Layout>
</alto>
