1311 2348
1103 31 51 60 95

146 1 773 57 DE FOLIE ET D'AMOUR.

17 56 1119 106 lanta eſtoient chaſſeurs, pource qu’elle y pre

17 133 1121 105 noit plaiſir. Pluſieurs femmes, pour plaire à

17 215 1121 98 leurs Poëtes amis, ont changé leurs paniers

15 285 1121 106 & coutures, en plumes & liures. Et certes il

13 361 1116 110 eſt impoſſible plaire, ſans ſuiure les afec¬

13 448 1117 99 cions de celui que nous cherchons. Les tri¬

15 514 1114 114 ſtes ſe fachent d’ouir chanter. Ceus, qui ne

17 594 1108 106 veulent aller que le pas, ne vont volontiers

13 671 1108 101 uec ceus qui touſiours voudroient courir.

19 755 1102 105 Or me dites, ſi ces mutacions contre notre

13 827 1104 108 naturel ne ſont vrayes folies, ou non exem¬

11 898 1104 115 ptes d’icelle? On dira qu’il ſe peut trouuer

11 984 1108 111 les complexions ſi ſemblables, que l’Amant

15 1062 1102 102 n'aura point de peine de ſe transformer es

9 1130 1104 114 meurs de l’Aymee. Mais ſi cette amitié eſt

7 1209 1106 121 ant douce & aiſee, la folie ſera de s’y plaire

11 1297 1098 102 rop: en quoy eſt bien dificile de mettre

7 1363 1104 122 ordre. Car ſi c’eſt vray amour, il eſt grand

7 1442 1096 121 & vehement, & plus fort que toute raiſon.

11 1526 1096 109 Et, comme le cheual ayant la bride ſur le

11 1596 1092 114 ol, ſe plonge ſi auant dedens cette douce

17 1674 1086 120 mertume, qu’il ne penſe aus autres parties

3 1751 1096 119 e lame, qui demeurent oiſiues: & par une

0 1829 1099 121 epentance tardiue, apres un long tems

0 1905 1099 118 émoigne à ceus qui l’oyent, qu’il ha eſté

0 1984 1099 138 ol comme les autres. Or ſi vous ne trouuez

954 2089 147 100 folie
