1319 2365
94 31 75 77 96

591 19 349 46 DEBAT

169 65 1128 96 folie en Amour de ce coté là, dites moy en¬

169 137 1124 101 tre vous autres Signeurs, qui faites tant

175 226 1120 99 profeſſion d’Amour, ne confeſſez vous, que

169 305 1130 85 Amour cherche union de ſoy auec la choſe

175 378 1124 104 aymee? qui eſt bien le plus fol deſir du mon¬

169 461 1128 96 de: tant par ce, que le cas auenant, Amour

175 538 1120 90 faudroit par ſoymeſme, eſtant l’Amant &

177 610 1116 107 l’Aymé confonduz enſemble, que auſſi il eſt

173 691 1124 97 impoſſible qu’il puiſſe auenir, eſtant les eſ¬

187 772 1116 97 peces & choſes indiuidues tellemẽt ſeparees

177 851 1122 100 I’une de l’autre, qu’elles ne ſe peuuent plus

177 926 1124 96 conioindre, ſi elles ne changent de forme.

183 1005 1116 104 Alleguez moy des branches d’arbres qui s'u¬

185 1081 1114 93 niſſent enſemble. Contez moy toutes ſortes

187 1168 1112 89 d’Antes, que iamais le Dieu des iardins in¬

191 1239 1106 105 uenta. Si ne trouuerez vous point que deus

189 1318 1114 97 hommes ſoient iamais deuenuz en un: & y

191 1393 1114 104 ſoit le Gerion à trois corps tant que voudrez.

195 1478 1104 92 Amour donq ne fut iamais ſans la compa¬

205 1547 1100 112 gnie de Folie: & ne le ſauroit iamais eſtre.

197 1627 1112 105 Et quand il pourroit ce faire, ſi ne le deuroit

205 1708 1104 109 il pas ſouhaiter: pource que lon ne tiendroit

199 1785 1113 101 conte de lui à la fin. Car quel pouuoir au¬

197 1857 1114 113 roit il, ou quel luſtre, s’il eſtoit pres de ſageſ¬

207 1941 1108 106 ſe? Elle lui diroit, qu’il ne faudroit aymer

199 2018 1114 130 I'un plus que l’autre: ou pour le moins n'en

1249 2094 69 77 faire
