1311 2348
199 -5 800 63 DE FOLIE ET D'AMOVR.

1187 21 57 67 97

39 71 1150 81 faire ſemblant de peur de ſcandaliſer quel¬

37 135 1154 95 cun. Il ne faudroit rien faire plus pour l’un

37 215 1150 92 que pour l’autre: & ſeroit à la fin Amour ou

35 289 1146 94 aneanti, ou deuisé en tant de pars, qu’il ſe¬

31 367 1148 92 roit bien foible. Tant s’en faut que tu doiues

25 448 1152 90 eſtre ſans Folie, Amour, que ſi tu es bien

29 526 1141 94 conſeillé, tu ne redemanderas plus tes yeus.

23 600 1149 98 Car il ne t’en eſt beſoin, & te peuuent nuire

19 680 1147 96 beaucoup: deſquels ſi tu t’eſtois bien regar¬

23 751 1143 107 dé quelquefois, toymeſme te voudrois mal.

25 829 1133 102 Penſez vous qu’un ſoudart, qui va à l’aſſaut,

27 909 1129 92 penſe au foſsé, aus ennemis, & mile har¬

19 980 1137 107 quebuzades qui l’atendent? non. Il n’a autre

19 1066 1137 100 but, que paruenir au haut de la breſche: &

15 1138 1139 104 n’imagine point le reſte. Le premier qui ſe

15 1213 1135 105 mit en mer, n’imaginoit pas les dangers qui

23 1295 1127 104 y ſont Penſez vous que le ioueur pẽſe iamais

19 1369 1127 106 perdre? Si ſont ils tous trois au hazard d’eſtre

13 1447 1127 106 tuez, noyez, & deſtruiz. Mais quoy, ils ne

19 1530 1121 99 voyent, & ne veulent voir ce qui leur eſt dom

11 1598 1123 102 mageable. Le ſemblable eſtimez des Amans:

7 1676 1125 108 que ſi iamais ils voyent, & entendent clere¬

7 1753 1125 109 ment le peril ou ils ſont, combien ils ſont

0 1829 1127 113 trompez & abuſez, & quelle eſt l’eſperance

1 1907 1118 102 qui les fait touſiours aller auant, iamais n’y

17 1976 1106 158 demeureront une ſeule heure. Ainſi ſe per¬

770 2093 43 90 g

974 2107 156 66 droit
