1319 2365
88 57 1173 108 droit ton regne, Amour: lequel dure par

94 135 1167 101 ignorance, nonchaillance, eſperance, & ce¬

100 210 1165 103 cité, qui ſont toutes damoiſelles de Folie, lui

98 289 1161 107 faiſans ordinaire compagnie. Demeure donq

102 370 1167 104 en paix, Amour: & ne vien rompre l’ancien¬

104 447 1167 110 ne ligue qui eſt entre toy & moy: combien

112 522 1161 106 que tu n’en ſuſſes rien iuſqu’à preſent. Et

110 605 1161 98 n’eſtime que ie t’aye creué les yeus, mais que

110 677 1159 113 ie t’ay montré, que tu n’en auois aucun uſa¬

122 756 1155 111 ge auparauant, encore qu’ils te fuſſent à la

120 835 1151 114 teſte que tu as de preſent. Reſte de te prier,

120 914 1155 108 Iupiter, & vous autres Dieus, de n’auoir

132 993 1145 112 point reſpect aus noms (comme ie ſay que

124 1064 1153 108 n’aurez) mais regarder à la verité & dinité

124 1147 1149 112 des choſes. Et pourtant, s’il eſt plus honora¬

128 1229 1149 99 ble entre les hommes dire un tel ayme, que,

126 1296 1151 121 il eſt fol: que celà leur ſoit imputé à igno¬

126 1379 1155 107 rance. Et pour n’auoir en commun la vraye

126 1460 1159 102 intelligence des choſes, n’y pù donner noms

130 1537 1159 100 ſelon leur vray naturel, mais au contraire

134 1608 1155 108 auoir baillé beaus nõs à laides choſes, & laids

136 1692 1149 109 aus belles, ne delaiſſez, pour ce, à me con¬

132 1761 1149 113 ſeruer Folie en ſa dinité & grandeur. Ne

136 1844 1151 105 laiſſez perdre cette belle Dame, qui vous ha

138 1923 1153 103 donné tant de contentement auec Genie,

136 1992 1153 136 Ieuneſſe, Bacchus, Silene, & ce gentil Gar¬

1182 2067 113 89 dien
