<?xml version="1.0" encoding="UTF-8"?>
<alto xmlns:xsi="http://www.w3.org/2001/XMLSchema-instance"
      xmlns="http://www.loc.gov/standards/alto/ns-v4#"
      xsi:schemaLocation="http://www.loc.gov/standards/alto/ns-v4# http://www.loc.gov/standards/alto/v4/alto-4-2.xsd">
  <Description>
    <MeasurementUnit>pixel</MeasurementUnit>
    <sourceImageInformation>
      <fileName>109.jpg</fileName>
      
    </sourceImageInformation>
  </Description>
  
  <Tags>
    <OtherTag ID="BT4319" LABEL="RunningTitleZone" DESCRIPTION="block type RunningTitleZone"/><OtherTag ID="BT4318" LABEL="QuireMarksZone" DESCRIPTION="block type QuireMarksZone"/><OtherTag ID="BT4317" LABEL="NumberingZone" DESCRIPTION="block type NumberingZone"/><OtherTag ID="BT4316" LABEL="MarginTextZone" DESCRIPTION="block type MarginTextZone"/><OtherTag ID="BT4315" LABEL="MainZone" DESCRIPTION="block type MainZone"/><OtherTag ID="BT4314" LABEL="GraphicZone" DESCRIPTION="block type GraphicZone"/><OtherTag ID="BT4313" LABEL="DropCapitalZone" DESCRIPTION="block type DropCapitalZone"/><OtherTag ID="BT4321" LABEL="TitlePageZone" DESCRIPTION="block type TitlePageZone"/><OtherTag ID="BT4320" LABEL="StampZone" DESCRIPTION="block type StampZone"/>
    <OtherTag ID="LT1422" LABEL="DefaultLine" DESCRIPTION="line type DefaultLine"/><OtherTag ID="LT1421" LABEL="DropCapitalLine" DESCRIPTION="line type DropCapitalLine"/><OtherTag ID="LT1420" LABEL="HeadingLine" DESCRIPTION="line type HeadingLine"/>
  </Tags>
  
  <Layout>
    <Page WIDTH="1325"
          HEIGHT="2346"
          PHYSICAL_IMG_NR="107"
          ID="eSc_dummypage_">
      <PrintSpace HPOS="0"
                  VPOS="0"
                  WIDTH="1325"
                  HEIGHT="2346">
        
        <TextBlock HPOS="197"
                   VPOS="16"
                   WIDTH="809"
                   HEIGHT="61"
                   ID="eSc_textblock_5d4c08a4"
                   TAGREFS="BT4319">
          <Shape><Polygon POINTS="197 16 197 70 1006 77 1006 30"/></Shape>
          
          
          <TextLine ID="eSc_line_103add78"
                    TAGREFS="LT1420"
                    BASELINE="205 58 998 68" 
                    HPOS="203"
                    VPOS="-3"
                    WIDTH="795"
                    HEIGHT="85">
            <Shape><Polygon POINTS="205 58 205 -3 998 -1 998 68 994 82 203 64"/></Shape>
	    <String CONTENT="DE FOLIE ET D&#x27;AMOVR."
                    HPOS="203"
                    VPOS="-3"
                    WIDTH="795"
                    HEIGHT="85"></String>
          </TextLine>

          
        </TextBlock>
        
        <TextBlock HPOS="1175"
                   VPOS="44"
                   WIDTH="82"
                   HEIGHT="56"
                   ID="eSc_textblock_4a27313a"
                   TAGREFS="BT4317">
          <Shape><Polygon POINTS="1257 100 1257 44 1175 44 1175 100"/></Shape>
          
          
          <TextLine ID="eSc_line_b68ff980"
                    TAGREFS="LT1422"
                    BASELINE="1184 86 1244 86" 
                    HPOS="1182"
                    VPOS="31"
                    WIDTH="62"
                    HEIGHT="84">
            <Shape><Polygon POINTS="1184 86 1184 31 1244 31 1244 86 1242 115 1182 113"/></Shape>
	    <String CONTENT="99"
                    HPOS="1182"
                    VPOS="31"
                    WIDTH="62"
                    HEIGHT="84"></String>
          </TextLine>

          
        </TextBlock>
        
        <TextBlock HPOS="15"
                   VPOS="78"
                   WIDTH="1208"
                   HEIGHT="2009"
                   ID="eSc_textblock_297064aa"
                   TAGREFS="BT4315">
          <Shape><Polygon POINTS="368 78 559 82 907 95 959 100 1006 114 1032 110 1208 115 1223 203 1207 717 1027 774 1045 813 1129 821 1152 852 1152 1202 1191 1282 1168 1945 939 2087 210 2066 15 1890 23 1368 46 1274 117 1186 125 975 125 914 86 881 93 805 39 764 46 179 62 93 170 86 258 90"/></Shape>
          
          
          <TextLine ID="eSc_line_b03e2a23"
                    TAGREFS="LT1422"
                    BASELINE="62 154 594 146 1211 168" 
                    HPOS="56"
                    VPOS="72"
                    WIDTH="1157"
                    HEIGHT="107">
            <Shape><Polygon POINTS="62 154 56 89 97 78 99 78 99 78 101 78 101 78 101 78 103 78 138 89 140 89 140 89 201 72 203 72 203 72 203 72 205 72 205 72 207 72 207 72 207 72 209 72 209 72 209 74 228 91 228 91 230 91 283 74 285 74 285 74 285 74 287 74 287 74 289 74 289 74 289 74 291 74 291 74 313 91 313 93 385 93 387 93 422 76 422 76 422 76 424 76 424 76 426 76 426 76 426 76 428 76 428 76 428 76 461 93 493 76 493 76 493 76 495 76 495 76 497 76 602 78 602 78 602 78 604 78 604 78 604 78 639 97 641 97 651 97 733 89 735 89 735 89 833 99 837 99 839 99 908 82 910 82 910 82 912 82 912 82 1043 101 1066 86 1068 86 1068 86 1068 86 1070 86 1070 86 1072 86 1170 86 1170 86 1170 86 1172 86 1172 86 1172 86 1213 105 1211 168 1207 179 1066 168 947 175 935 175 933 175 933 175 933 175 927 175 865 162 806 172 806 172 804 172 804 172 804 172 802 172 802 172 773 160 679 160 653 170 643 173 643 173 641 173 641 173 639 173 639 173 598 170 495 156 430 156 411 166 405 168 405 168 405 168 403 168 403 168 403 168 401 168 401 168 399 168 399 168 399 168 397 168 397 168 397 166 395 166 385 154 342 154 270 164 227 168 227 168 225 168 225 168 225 168 223 168 201 162 178 154 158 160 144 166 144 166 142 166 142 166 140 166 140 166 58 158"/></Shape>
	    <String CONTENT="dien des iardins. Ne permetez facher celle,"
                    HPOS="56"
                    VPOS="72"
                    WIDTH="1157"
                    HEIGHT="107"></String>
          </TextLine>

          
          
          <TextLine ID="eSc_line_dbf793be"
                    TAGREFS="LT1422"
                    BASELINE="60 228 551 222 1211 240" 
                    HPOS="58"
                    VPOS="160"
                    WIDTH="1153"
                    HEIGHT="90">
            <Shape><Polygon POINTS="60 228 58 177 207 177 219 166 219 164 219 164 221 164 221 164 221 164 223 164 223 164 223 164 225 164 225 164 295 173 309 162 309 162 311 162 311 162 311 162 313 162 313 162 313 162 383 160 385 160 385 160 387 160 457 181 459 181 459 181 477 168 477 168 479 168 479 168 481 168 481 168 481 168 483 168 483 168 483 168 485 168 485 168 485 168 499 175 512 164 512 164 514 164 514 164 516 164 516 164 516 164 575 162 577 162 577 162 745 185 753 185 755 185 773 168 773 166 773 166 775 166 775 166 775 166 776 166 776 166 778 166 898 166 898 166 898 166 900 166 900 166 900 166 902 166 933 187 935 187 945 187 1144 170 1146 170 1146 170 1146 170 1148 170 1148 170 1150 170 1150 170 1150 172 1172 189 1172 191 1209 191 1211 240 1209 244 808 250 806 250 806 250 804 250 776 242 749 234 399 232 348 240 324 244 324 244 322 244 322 244 322 244 320 244 320 244 320 244 319 244 315 240 299 230 262 240 252 242 250 242 250 242 248 242 248 242 227 240 164 232 58 238"/></Shape>
	    <String CONTENT="que vous auez conſeruee iuſques ici ſans"
                    HPOS="58"
                    VPOS="160"
                    WIDTH="1153"
                    HEIGHT="90"></String>
          </TextLine>

          
          
          <TextLine ID="eSc_line_73bce9c8"
                    TAGREFS="LT1422"
                    BASELINE="56 304 600 301 1211 320" 
                    HPOS="52"
                    VPOS="228"
                    WIDTH="1163"
                    HEIGHT="108">
            <Shape><Polygon POINTS="56 304 52 248 115 232 115 232 115 232 117 232 117 232 117 232 119 232 119 232 156 248 215 236 215 236 215 236 217 236 217 236 219 236 219 236 240 244 274 228 274 228 274 228 275 228 275 228 277 228 317 230 317 230 317 230 319 230 319 230 320 230 320 230 346 250 407 230 409 230 409 230 409 230 411 230 411 230 495 246 514 232 516 232 516 232 516 232 518 232 518 232 520 232 520 232 520 232 522 232 522 232 522 232 561 254 581 236 581 236 583 236 583 236 583 236 585 236 585 236 585 236 669 234 671 234 671 234 673 234 673 234 673 234 675 234 675 234 675 236 675 236 686 248 700 236 700 236 702 236 702 236 702 236 704 236 704 236 706 236 778 236 778 236 778 236 780 236 780 236 780 236 782 236 814 260 865 260 886 240 886 238 886 238 888 238 888 238 888 238 890 238 890 238 892 238 923 238 923 238 923 238 925 238 925 238 925 238 927 238 927 238 927 240 951 260 1113 250 1115 250 1115 250 1117 250 1166 261 1182 248 1182 248 1184 248 1184 248 1184 248 1186 248 1186 248 1187 248 1187 248 1187 248 1189 248 1189 248 1191 248 1191 248 1215 265 1211 320 1209 324 1137 336 1137 336 1135 336 874 322 808 320 741 322 555 328 553 328 553 328 551 328 551 328 551 328 549 328 549 328 549 326 548 326 544 320 540 316 54 316"/></Shape>
	    <String CONTENT="rides, &amp; ſans pas un poil blanc. Et n’otez, à"
                    HPOS="52"
                    VPOS="228"
                    WIDTH="1163"
                    HEIGHT="108"></String>
          </TextLine>

          
          
          <TextLine ID="eSc_line_2bcf5c99"
                    TAGREFS="LT1422"
                    BASELINE="56 381 571 379 1207 394" 
                    HPOS="52"
                    VPOS="312"
                    WIDTH="1155"
                    HEIGHT="102">
            <Shape><Polygon POINTS="56 381 52 326 189 314 191 314 191 314 191 314 193 314 232 326 234 326 236 326 274 312 274 312 275 312 275 312 277 312 277 312 277 312 279 312 279 312 279 312 281 312 281 312 281 314 295 326 295 328 332 328 350 326 442 314 442 314 444 314 444 314 446 314 493 328 504 330 581 330 583 328 594 316 594 316 594 316 596 316 596 316 598 316 598 316 598 316 600 316 600 316 692 328 724 332 735 328 763 318 763 318 765 318 765 318 767 318 767 318 767 318 769 318 769 318 769 318 771 318 784 328 794 336 853 336 861 330 872 320 872 320 874 320 874 320 874 320 876 320 876 320 878 320 966 322 966 322 966 322 968 322 968 322 970 322 982 330 992 336 1005 330 1027 322 1027 322 1029 322 1029 322 1031 322 1031 322 1031 322 1033 322 1060 330 1086 338 1203 332 1207 394 1205 400 1062 414 1060 414 1060 414 1060 414 1058 414 1015 400 1013 400 1011 400 986 410 986 410 984 410 984 410 982 410 982 410 982 410 939 400 939 400 939 400 927 410 927 412 927 412 925 412 925 412 925 412 923 412 923 412 923 412 921 412 714 400 618 394 499 394 493 398 485 406 485 406 485 406 483 406 483 406 481 406 481 406 481 406 479 406 479 406 479 406 477 406 456 398 436 392 412 398 391 404 389 404 389 404 387 404 291 402 291 402 291 402 289 402 289 402 289 402 287 402 287 402 283 398 274 391 244 398 223 402 223 402 223 402 221 402 221 402 193 398 152 391 140 398 138 400 137 400 137 400 137 400 135 400 135 400 133 400 52 396"/></Shape>
	    <String CONTENT="I&#x27;apetit de quelque colere, le plaiſir d’entre"
                    HPOS="52"
                    VPOS="312"
                    WIDTH="1155"
                    HEIGHT="102"></String>
          </TextLine>

          
          
          <TextLine ID="eSc_line_70718445"
                    TAGREFS="LT1422"
                    BASELINE="54 459 491 455 1201 473" 
                    HPOS="50"
                    VPOS="389"
                    WIDTH="1153"
                    HEIGHT="89">
            <Shape><Polygon POINTS="54 459 50 400 140 389 140 389 142 389 142 389 144 389 144 389 182 402 185 404 348 406 350 404 362 394 362 392 362 392 364 392 364 392 364 392 365 392 365 392 367 392 446 392 446 392 446 392 448 392 448 392 448 392 475 406 475 406 475 406 549 394 549 394 551 394 551 394 551 394 553 394 553 394 553 394 555 394 555 394 571 408 575 412 614 412 624 410 688 396 688 396 688 396 690 396 690 396 692 396 692 396 692 396 694 396 694 396 694 398 696 398 704 408 714 400 714 400 716 400 716 400 716 400 718 400 718 400 720 400 720 400 720 400 722 400 722 400 749 412 753 412 759 412 818 402 818 402 820 402 820 402 820 402 822 402 822 402 822 402 823 402 823 402 823 404 825 404 831 412 833 414 843 412 939 400 939 400 941 400 941 400 941 400 943 400 943 400 945 400 945 400 964 416 964 416 968 416 1013 402 1015 402 1015 402 1017 402 1017 402 1017 402 1019 402 1019 402 1054 416 1054 418 1137 418 1139 418 1152 408 1154 408 1154 408 1154 408 1156 408 1156 408 1156 408 1158 408 1158 408 1160 408 1203 420 1201 473 1197 478 50 463"/></Shape>
	    <String CONTENT="les hommes. Vous les auez otez du Royau¬"
                    HPOS="50"
                    VPOS="389"
                    WIDTH="1153"
                    HEIGHT="89"></String>
          </TextLine>

          
          
          <TextLine ID="eSc_line_e99254dc"
                    TAGREFS="LT1422"
                    BASELINE="52 535 518 533 1193 553" 
                    HPOS="48"
                    VPOS="465"
                    WIDTH="1145"
                    HEIGHT="99">
            <Shape><Polygon POINTS="52 535 48 478 227 465 228 465 228 465 228 465 334 482 340 482 350 482 544 471 546 471 546 471 643 482 868 477 870 477 870 477 872 477 872 477 872 477 874 477 898 492 900 494 978 494 994 494 1084 486 1086 486 1086 486 1086 486 1088 486 1088 486 1109 496 1109 496 1109 496 1125 484 1127 484 1127 484 1127 484 1129 484 1129 484 1131 484 1131 484 1131 484 1193 498 1193 553 1189 564 48 543"/></Shape>
	    <String CONTENT="me de Saturne: ne les y faites plus entrer: &amp;,"
                    HPOS="48"
                    VPOS="465"
                    WIDTH="1145"
                    HEIGHT="99"></String>
          </TextLine>

          
          
          <TextLine ID="eSc_line_49df7460"
                    TAGREFS="LT1422"
                    BASELINE="54 611 440 609 1197 631" 
                    HPOS="48"
                    VPOS="541"
                    WIDTH="1149"
                    HEIGHT="110">
            <Shape><Polygon POINTS="54 611 48 555 78 541 78 541 80 541 80 541 80 541 82 541 82 541 84 541 84 541 123 555 238 543 238 543 240 543 240 543 240 543 242 543 291 559 291 559 291 559 367 547 367 547 369 547 369 547 369 547 371 547 371 547 409 561 469 547 469 547 469 547 471 547 471 547 471 547 559 564 563 564 565 564 614 557 614 557 616 557 616 557 690 566 720 557 720 557 722 557 722 557 724 557 724 557 726 557 773 568 786 557 786 557 788 557 788 557 788 557 790 557 790 557 792 557 915 557 915 557 915 557 917 557 917 557 917 557 919 557 919 557 933 570 1037 574 1107 576 1109 576 1133 563 1133 563 1133 563 1135 563 1135 563 1135 563 1137 563 1137 563 1139 563 1139 563 1139 563 1141 563 1141 563 1141 564 1154 576 1154 578 1195 578 1197 631 1193 651 50 619"/></Shape>
	    <String CONTENT="ſoit en Amour, ſoit en autres afaires, ne les"
                    HPOS="48"
                    VPOS="541"
                    WIDTH="1149"
                    HEIGHT="110"></String>
          </TextLine>

          
          
          <TextLine ID="eSc_line_938ca2d2"
                    TAGREFS="LT1422"
                    BASELINE="48 688 463 688 1191 705" 
                    HPOS="45"
                    VPOS="619"
                    WIDTH="1146"
                    HEIGHT="104">
            <Shape><Polygon POINTS="48 688 46 633 146 623 148 623 148 623 148 623 150 623 150 623 150 623 152 623 166 633 189 621 189 621 189 621 191 621 191 621 193 621 193 621 193 621 195 621 195 621 195 621 219 633 260 619 262 619 262 619 262 619 264 619 264 619 266 619 266 619 266 619 268 619 283 631 504 639 544 623 544 623 546 623 546 623 548 623 548 623 548 623 549 623 606 641 651 625 651 625 653 625 653 625 655 625 655 625 655 625 657 625 657 625 657 625 659 625 659 625 659 627 677 643 677 643 677 643 753 627 753 627 755 627 870 629 870 629 870 629 872 629 872 629 874 629 904 647 953 631 955 631 955 631 955 631 957 631 957 631 959 631 959 631 959 631 960 631 960 631 960 633 976 649 978 649 978 649 1027 633 1029 633 1029 633 1031 633 1137 635 1137 635 1137 635 1139 635 1191 652 1191 705 1189 715 996 723 994 723 994 723 992 723 992 723 992 723 990 723 990 723 990 721 980 713 980 713 978 713 857 719 855 719 855 719 790 709 786 709 786 709 767 719 767 719 767 719 765 719 765 719 763 719 763 719 763 719 761 719 726 707 720 707 683 707 442 713 440 713 440 713 438 713 438 713 438 713 436 713 420 703 418 701 411 703 373 711 373 711 373 711 371 711 371 711 371 711 369 711 336 701 326 699 307 701 230 709 230 709 228 709 45 695"/></Shape>
	    <String CONTENT="enuiez, ſi pour apaiſer leurs facheries, Folie"
                    HPOS="45"
                    VPOS="619"
                    WIDTH="1146"
                    HEIGHT="104"></String>
          </TextLine>

          
          
          <TextLine ID="eSc_line_b136fb89"
                    TAGREFS="LT1422"
                    BASELINE="48 762 982 780" 
                    HPOS="45"
                    VPOS="694"
                    WIDTH="937"
                    HEIGHT="99">
            <Shape><Polygon POINTS="48 762 50 694 80 707 133 695 148 694 148 694 148 694 150 694 150 694 152 694 152 694 152 694 160 697 187 709 248 699 270 697 270 697 272 697 272 697 272 697 274 697 274 697 274 697 275 697 275 697 279 701 293 711 348 703 354 703 354 703 356 703 356 703 356 703 362 703 407 713 420 705 426 701 428 701 428 701 430 701 430 701 430 701 432 701 432 701 432 701 434 701 434 701 446 707 465 715 487 707 501 703 502 703 502 703 502 703 504 703 504 703 506 703 506 703 506 703 518 709 532 715 544 709 563 701 563 701 565 701 565 701 565 701 567 701 567 701 567 701 569 701 569 701 591 711 604 717 622 713 655 703 657 703 657 703 659 703 659 703 659 703 661 703 661 703 661 703 663 703 663 703 675 713 681 717 722 715 872 707 874 707 874 707 982 725 982 780 978 793 45 776"/></Shape>
	    <String CONTENT="les fait esbatre &amp; s’eſiouir. I’ay dit."
                    HPOS="45"
                    VPOS="694"
                    WIDTH="937"
                    HEIGHT="99"></String>
          </TextLine>

          
          
          <TextLine ID="eSc_line_e59f4d06"
                    TAGREFS="LT1422"
                    BASELINE="91 860 389 860 1137 883" 
                    HPOS="90"
                    VPOS="797"
                    WIDTH="1047"
                    HEIGHT="106">
            <Shape><Polygon POINTS="91 860 90 811 176 797 176 797 178 797 178 797 285 815 289 815 291 815 358 805 358 805 360 805 360 805 360 805 424 819 428 819 432 819 510 807 510 807 512 807 512 807 512 807 514 807 514 807 514 807 516 807 516 807 516 809 530 821 567 809 569 809 569 809 571 809 698 811 698 811 698 811 700 811 700 811 702 811 702 811 702 813 702 813 716 826 716 826 716 826 763 813 765 813 765 813 767 813 767 813 767 813 769 813 769 813 769 813 771 813 771 813 771 815 780 823 788 815 788 815 790 815 790 815 790 815 792 815 792 815 792 815 794 815 794 815 796 815 796 815 827 826 921 817 921 817 923 817 923 817 925 817 925 817 925 817 927 817 953 832 953 832 953 832 998 821 1000 821 1000 821 1002 821 1002 821 1002 821 1004 821 1004 821 1005 821 1027 834 1029 836 1137 838 1137 883 1135 901 1002 903 1000 903 1000 903 998 903 998 903 998 903 996 903 996 903 992 899 978 889 960 897 957 899 957 899 955 899 955 899 955 899 953 899 953 899 953 899 951 899 945 897 915 887 892 897 884 899 884 899 882 899 882 899 880 899 790 897 790 897 790 897 788 897 788 897 786 897 786 897 786 895 784 893 771 883 726 893 710 895 710 895 710 895 708 895 708 895 706 895 706 895 706 895 704 895 700 893 683 881 643 891 634 893 632 893 632 893 630 893 630 893 630 893 612 889 551 877 501 887 489 889 489 889 489 889 487 889 487 889 485 889 485 889 479 887 448 873 342 871 275 881 275 881 274 881 274 881 274 881 195 868 90 877"/></Shape>
	    <String CONTENT="Quand Mercure ut fini la defenſe de Folie, Iupiter"
                    HPOS="90"
                    VPOS="797"
                    WIDTH="1047"
                    HEIGHT="106"></String>
          </TextLine>

          
          
          <TextLine ID="eSc_line_b92eb00e"
                    TAGREFS="LT1422"
                    BASELINE="140 922 1131 950" 
                    HPOS="137"
                    VPOS="869"
                    WIDTH="994"
                    HEIGHT="100">
            <Shape><Polygon POINTS="140 922 140 875 275 879 281 879 315 869 317 869 317 869 319 869 319 869 319 869 320 869 320 869 320 869 322 869 322 869 334 879 336 883 422 885 446 883 522 875 522 875 524 875 524 875 526 875 526 875 526 875 528 875 528 875 528 877 538 887 540 887 548 887 626 877 626 877 628 877 628 877 630 877 630 877 630 877 632 877 632 877 632 879 634 879 641 889 641 889 641 889 704 879 704 879 706 879 706 879 706 879 708 879 708 879 708 879 710 879 726 891 773 881 773 881 773 881 775 881 775 881 775 881 776 881 776 881 776 881 800 893 802 895 806 895 843 883 845 883 845 883 845 883 847 883 847 883 849 883 849 883 882 897 886 899 1131 905 1131 950 1129 957 1060 969 1060 969 1058 969 927 965 927 965 927 965 925 965 925 965 925 965 923 965 923 965 923 963 913 954 912 954 908 954 849 963 849 963 847 963 722 959 722 959 722 959 720 959 720 959 718 959 718 959 706 950 704 948 700 950 688 955 688 955 688 955 686 955 686 955 685 955 685 955 685 955 651 950 632 944 137 938"/></Shape>
	    <String CONTENT="voyant les Dieus eſtre diuerſemẽt afeccionnez &amp;"
                    HPOS="137"
                    VPOS="869"
                    WIDTH="994"
                    HEIGHT="100"></String>
          </TextLine>

          
          
          <TextLine ID="eSc_line_842c75ce"
                    TAGREFS="LT1422"
                    BASELINE="129 987 1139 1012" 
                    HPOS="125"
                    VPOS="938"
                    WIDTH="1014"
                    HEIGHT="100">
            <Shape><Polygon POINTS="129 987 127 944 266 938 268 938 377 946 452 952 467 948 485 942 487 942 487 942 487 942 489 942 489 942 544 948 598 955 641 950 673 946 673 946 675 946 675 946 677 946 677 946 677 946 686 950 702 957 763 952 786 950 786 950 788 950 788 950 806 952 859 961 947 954 962 954 964 954 964 954 964 954 966 954 966 954 968 954 968 954 988 965 1015 955 1015 955 1015 955 1017 955 1017 955 1019 955 1019 955 1019 955 1021 955 1021 955 1064 967 1137 957 1139 1012 1137 1036 984 1038 982 1038 982 1038 980 1038 980 1038 980 1038 964 1030 947 1022 933 1030 927 1034 925 1034 925 1034 923 1034 923 1034 921 1034 749 1032 749 1032 749 1032 671 1020 634 1014 618 1018 589 1026 587 1026 587 1026 585 1026 438 1024 438 1024 438 1024 436 1024 436 1024 436 1024 434 1024 434 1024 418 1010 414 1008 405 1010 365 1016 365 1016 365 1016 364 1016 125 999"/></Shape>
	    <String CONTENT="en contrarietez d’opinions, les uns ſe tenãs du coté"
                    HPOS="125"
                    VPOS="938"
                    WIDTH="1014"
                    HEIGHT="100"></String>
          </TextLine>

          
          
          <TextLine ID="eSc_line_69058323"
                    TAGREFS="LT1422"
                    BASELINE="127 1053 1137 1079" 
                    HPOS="123"
                    VPOS="999"
                    WIDTH="1014"
                    HEIGHT="103">
            <Shape><Polygon POINTS="127 1053 125 1008 168 999 168 999 168 999 170 999 170 999 172 999 172 999 172 999 174 999 174 999 174 1000 183 1008 209 1000 211 1000 211 1000 213 1000 213 1000 213 1000 260 1010 279 1014 285 1010 293 1002 293 1002 295 1002 295 1002 295 1002 297 1002 297 1002 299 1002 360 1002 360 1002 360 1002 411 1012 438 1018 526 1016 665 1010 667 1010 667 1010 669 1010 669 1010 669 1010 671 1010 683 1018 690 1024 708 1018 724 1014 726 1014 726 1014 726 1014 728 1014 728 1014 771 1020 827 1028 1135 1028 1137 1079 1133 1102 1011 1088 990 1098 988 1098 988 1098 986 1098 986 1098 986 1098 984 1098 951 1096 843 1086 802 1090 761 1094 761 1094 759 1094 759 1094 757 1094 757 1094 757 1094 755 1094 755 1094 755 1092 755 1092 751 1088 741 1077 669 1077 639 1085 614 1090 612 1090 612 1090 610 1090 610 1090 610 1090 567 1081 561 1081 557 1081 516 1088 516 1088 514 1088 514 1088 514 1088 461 1077 430 1069 287 1069 279 1071 232 1081 232 1081 232 1081 230 1081 230 1081 228 1081 228 1081 228 1081 227 1081 227 1081 227 1079 215 1067 213 1065 123 1063"/></Shape>
	    <String CONTENT="de Cupidon, les autres ſe tournans à aprouuer la"
                    HPOS="123"
                    VPOS="999"
                    WIDTH="1014"
                    HEIGHT="103"></String>
          </TextLine>

          
          
          <TextLine ID="eSc_line_172345c4"
                    TAGREFS="LT1422"
                    BASELINE="127 1116 1131 1139" 
                    HPOS="123"
                    VPOS="1067"
                    WIDTH="1008"
                    HEIGHT="102">
            <Shape><Polygon POINTS="127 1116 125 1075 375 1067 377 1067 377 1067 377 1067 379 1067 379 1067 379 1067 403 1081 407 1083 630 1088 690 1088 690 1086 704 1075 704 1075 704 1075 706 1075 706 1075 708 1075 708 1075 708 1075 710 1075 710 1075 710 1075 712 1075 753 1088 755 1088 755 1088 792 1077 794 1077 794 1077 794 1077 796 1077 855 1079 855 1079 855 1079 857 1079 857 1079 859 1079 878 1092 882 1094 990 1094 992 1094 1015 1083 1015 1083 1015 1083 1017 1083 1017 1083 1019 1083 1019 1083 1019 1083 1021 1083 1021 1083 1021 1083 1047 1096 1049 1096 1050 1096 1072 1086 1072 1086 1074 1086 1074 1086 1076 1086 1076 1086 1076 1086 1131 1098 1131 1139 1129 1169 1088 1169 1086 1167 1086 1167 1084 1167 1084 1167 1084 1167 1082 1167 1082 1167 1082 1165 1068 1153 1047 1165 1047 1165 1047 1165 1047 1165 1045 1165 1045 1165 1045 1167 964 1167 962 1165 796 1161 796 1161 796 1161 761 1155 706 1141 593 1141 573 1147 549 1155 548 1155 548 1155 548 1155 546 1155 546 1155 544 1155 544 1155 544 1155 542 1155 542 1155 542 1153 534 1145 526 1137 452 1137 446 1143 438 1149 438 1151 438 1151 436 1151 436 1151 436 1151 434 1151 434 1151 434 1153 391 1153 389 1151 389 1151 387 1151 387 1151 387 1151 385 1151 385 1151 385 1149 383 1149 375 1139 373 1137 358 1139 305 1145 305 1145 303 1145 303 1145 301 1145 301 1145 301 1145 299 1145 299 1145 299 1143 297 1143 291 1137 289 1133 211 1133 209 1133 195 1145 195 1145 193 1145 193 1145 193 1145 191 1145 191 1145 189 1145 189 1145 189 1145 123 1129"/></Shape>
	    <String CONTENT="cauſe de Folie: pour apointer le diferent, và pro¬"
                    HPOS="123"
                    VPOS="1067"
                    WIDTH="1008"
                    HEIGHT="102"></String>
          </TextLine>

          
          
          <TextLine ID="eSc_line_af10e35d"
                    TAGREFS="LT1422"
                    BASELINE="125 1178 1103 1208" 
                    HPOS="121"
                    VPOS="1137"
                    WIDTH="982"
                    HEIGHT="102">
            <Shape><Polygon POINTS="125 1178 125 1137 1103 1169 1103 1208 1101 1229 1039 1239 1039 1239 1037 1239 1037 1239 908 1223 904 1223 900 1223 843 1233 843 1233 843 1233 841 1233 841 1233 839 1233 790 1219 776 1216 769 1217 743 1229 743 1229 741 1229 741 1229 741 1229 739 1229 583 1225 583 1225 583 1225 581 1225 581 1225 581 1225 579 1225 559 1214 452 1221 450 1221 405 1219 405 1219 405 1219 403 1219 403 1219 403 1219 401 1219 401 1219 383 1204 381 1202 121 1194"/></Shape>
	    <String CONTENT="noncer un arreſt interlocutoire en cette maniere:"
                    HPOS="121"
                    VPOS="1137"
                    WIDTH="982"
                    HEIGHT="102"></String>
          </TextLine>

          
          
          <TextLine ID="eSc_line_329a7316"
                    TAGREFS="LT1422"
                    BASELINE="82 1280 1180 1311" 
                    HPOS="78"
                    VPOS="1208"
                    WIDTH="1102"
                    HEIGHT="119">
            <Shape><Polygon POINTS="82 1280 78 1216 103 1208 105 1208 105 1208 107 1208 107 1208 107 1208 154 1217 187 1223 203 1217 225 1210 225 1210 227 1210 227 1210 228 1210 228 1210 228 1210 230 1210 230 1210 230 1210 232 1210 246 1219 254 1225 260 1219 266 1214 266 1214 268 1214 268 1214 268 1214 270 1214 270 1214 272 1214 356 1214 356 1214 356 1214 358 1214 358 1214 358 1214 360 1214 360 1214 360 1216 360 1216 367 1221 373 1229 391 1223 411 1216 411 1216 412 1216 412 1216 414 1216 502 1217 502 1217 569 1227 639 1237 675 1229 706 1223 706 1223 706 1223 708 1223 708 1223 708 1223 710 1223 731 1231 757 1241 913 1245 931 1235 937 1231 939 1231 939 1231 941 1231 941 1231 941 1231 943 1231 943 1231 945 1231 945 1231 960 1237 990 1247 1037 1239 1049 1237 1049 1237 1050 1237 1180 1243 1180 1311 1178 1317 1121 1327 1121 1327 1119 1327 1119 1327 1119 1327 1117 1327 1086 1317 906 1321 904 1321 78 1290"/></Shape>
	    <String CONTENT="Pour la dificulté &amp; importance de vos di¬"
                    HPOS="78"
                    VPOS="1208"
                    WIDTH="1102"
                    HEIGHT="119"></String>
          </TextLine>

          
          
          <TextLine ID="eSc_line_6e506d95"
                    TAGREFS="LT1422"
                    BASELINE="37 1354 1176 1391" 
                    HPOS="33"
                    VPOS="1286"
                    WIDTH="1143"
                    HEIGHT="115">
            <Shape><Polygon POINTS="37 1354 39 1286 148 1305 197 1292 201 1292 203 1292 203 1292 205 1292 205 1292 205 1292 207 1292 207 1292 211 1294 240 1305 262 1296 274 1290 274 1290 274 1290 275 1290 275 1290 277 1290 277 1290 277 1290 279 1290 279 1290 297 1298 330 1311 379 1302 403 1298 403 1298 405 1298 561 1298 561 1298 561 1298 563 1298 563 1298 563 1298 565 1298 565 1298 565 1300 567 1300 575 1309 624 1305 624 1305 626 1305 626 1305 628 1305 628 1305 628 1305 630 1305 630 1305 630 1307 638 1313 645 1321 669 1315 720 1303 720 1303 720 1303 722 1303 790 1305 790 1305 790 1305 792 1305 792 1305 792 1305 794 1305 794 1305 794 1307 810 1323 816 1327 827 1323 870 1309 872 1309 872 1309 874 1309 984 1311 984 1311 984 1311 986 1311 986 1311 986 1311 988 1311 1015 1333 1019 1335 1176 1341 1176 1391 1172 1401 33 1370"/></Shape>
	    <String CONTENT="ferens, &amp; diuerſité d’opinions, nous auons re¬"
                    HPOS="33"
                    VPOS="1286"
                    WIDTH="1143"
                    HEIGHT="115"></String>
          </TextLine>

          
          
          <TextLine ID="eSc_line_a4907ff8"
                    TAGREFS="LT1422"
                    BASELINE="35 1431 1182 1466" 
                    HPOS="31"
                    VPOS="1366"
                    WIDTH="1151"
                    HEIGHT="125">
            <Shape><Polygon POINTS="35 1431 35 1374 225 1384 236 1376 250 1366 252 1366 252 1366 252 1366 254 1366 254 1366 256 1366 401 1368 401 1368 401 1368 403 1368 403 1368 403 1368 405 1368 405 1368 405 1370 414 1378 501 1370 501 1370 502 1370 502 1370 504 1370 504 1370 536 1382 569 1395 593 1384 596 1382 596 1382 596 1382 598 1382 598 1382 600 1382 600 1382 600 1382 602 1382 608 1384 636 1391 643 1384 653 1376 653 1376 655 1376 655 1376 655 1376 657 1376 657 1376 659 1376 757 1378 757 1378 757 1378 759 1378 759 1378 759 1378 761 1378 761 1378 761 1380 769 1386 784 1403 820 1403 843 1388 843 1388 845 1388 845 1388 845 1388 847 1388 847 1388 847 1388 849 1388 849 1388 851 1388 851 1388 851 1388 853 1388 886 1405 960 1393 960 1393 962 1393 962 1393 962 1393 964 1393 964 1393 964 1393 966 1393 966 1393 966 1395 980 1409 1144 1413 1176 1393 1182 1466 1178 1491 1050 1479 910 1481 800 1481 798 1481 798 1481 796 1481 796 1481 776 1476 749 1466 638 1470 596 1470 594 1470 594 1470 557 1466 477 1456 371 1456 369 1458 358 1468 358 1468 356 1468 356 1468 354 1468 354 1468 354 1468 352 1468 352 1468 350 1468 350 1468 317 1456 307 1450 31 1442"/></Shape>
	    <String CONTENT="mis votre afaire d’ici à trois fois, ſept fois, neuf"
                    HPOS="31"
                    VPOS="1366"
                    WIDTH="1151"
                    HEIGHT="125"></String>
          </TextLine>

          
          
          <TextLine ID="eSc_line_69e46e58"
                    TAGREFS="LT1422"
                    BASELINE="33 1509 1174 1542" 
                    HPOS="29"
                    VPOS="1444"
                    WIDTH="1147"
                    HEIGHT="121">
            <Shape><Polygon POINTS="33 1509 33 1444 146 1458 211 1452 232 1450 232 1450 234 1450 234 1450 236 1450 236 1450 236 1450 238 1450 238 1450 240 1454 262 1470 299 1462 299 1462 299 1462 301 1462 430 1472 454 1464 467 1458 467 1458 469 1458 469 1458 469 1458 471 1458 471 1458 473 1458 473 1458 473 1458 487 1464 508 1476 602 1479 620 1472 620 1472 620 1472 622 1472 622 1472 622 1472 624 1472 624 1472 628 1472 712 1483 731 1476 737 1474 737 1474 739 1474 739 1474 741 1474 741 1474 796 1479 870 1487 878 1483 888 1476 890 1476 890 1476 890 1476 892 1476 892 1476 892 1476 894 1476 894 1476 896 1476 896 1476 896 1476 898 1476 910 1485 917 1489 935 1485 986 1474 986 1474 986 1474 988 1474 988 1474 988 1474 990 1474 990 1474 992 1474 992 1474 992 1476 1007 1489 1011 1491 1025 1489 1078 1483 1078 1483 1080 1483 1080 1483 1080 1483 1082 1483 1115 1493 1119 1495 1121 1495 1142 1483 1142 1483 1142 1483 1144 1483 1144 1483 1144 1483 1146 1483 1146 1483 1148 1483 1148 1483 1148 1483 1176 1497 1174 1542 1170 1556 1062 1556 1043 1565 1043 1565 1043 1565 1041 1565 1041 1565 1041 1565 1039 1565 1039 1565 959 1554 655 1554 653 1554 653 1554 651 1554 651 1554 651 1554 649 1554 636 1542 630 1540 600 1542 504 1550 502 1550 320 1544 320 1544 320 1544 319 1544 319 1544 317 1544 317 1544 305 1534 297 1528 29 1526"/></Shape>
	    <String CONTENT="ſiecles. Et ce pendant vous commandons vi¬"
                    HPOS="29"
                    VPOS="1444"
                    WIDTH="1147"
                    HEIGHT="121"></String>
          </TextLine>

          
          
          <TextLine ID="eSc_line_d821c94a"
                    TAGREFS="LT1422"
                    BASELINE="33 1581 1174 1622" 
                    HPOS="29"
                    VPOS="1526"
                    WIDTH="1147"
                    HEIGHT="106">
            <Shape><Polygon POINTS="33 1581 29 1536 64 1526 66 1526 66 1526 68 1526 68 1526 176 1540 189 1528 189 1528 191 1528 191 1528 191 1528 193 1528 193 1528 195 1528 252 1528 252 1528 252 1528 254 1528 305 1546 309 1548 471 1552 473 1552 483 1542 483 1542 485 1542 485 1542 485 1542 487 1542 487 1542 487 1542 489 1542 489 1542 491 1542 522 1550 577 1540 577 1540 577 1540 579 1540 579 1540 581 1540 616 1550 685 1544 685 1544 686 1544 686 1544 688 1544 688 1544 688 1544 690 1544 690 1544 710 1560 776 1548 776 1548 776 1548 778 1548 778 1548 780 1548 847 1565 853 1565 876 1565 1144 1564 1146 1564 1146 1564 1148 1564 1148 1564 1148 1564 1176 1577 1174 1622 1170 1632 29 1593"/></Shape>
	    <String CONTENT="ure amiablement enſemble, ſans vous outra¬"
                    HPOS="29"
                    VPOS="1526"
                    WIDTH="1147"
                    HEIGHT="106"></String>
          </TextLine>

          
          
          <TextLine ID="eSc_line_532693e9"
                    TAGREFS="LT1422"
                    BASELINE="35 1665 1174 1702" 
                    HPOS="33"
                    VPOS="1597"
                    WIDTH="1141"
                    HEIGHT="123">
            <Shape><Polygon POINTS="35 1665 35 1612 101 1614 105 1612 137 1597 137 1597 137 1597 138 1597 138 1597 140 1597 140 1597 140 1597 142 1597 142 1597 144 1597 144 1597 144 1599 144 1599 160 1614 162 1618 219 1618 225 1616 250 1601 252 1601 252 1601 254 1601 254 1601 254 1601 256 1601 256 1601 258 1601 258 1601 258 1601 260 1601 283 1616 291 1622 424 1624 432 1620 452 1607 454 1607 454 1607 454 1607 456 1607 456 1607 456 1607 457 1607 457 1607 459 1607 459 1607 501 1622 520 1630 620 1630 630 1624 645 1614 647 1614 647 1614 647 1614 649 1614 649 1614 649 1614 651 1614 651 1614 653 1614 653 1614 685 1626 708 1634 753 1628 816 1618 816 1618 818 1618 818 1618 820 1618 865 1630 896 1638 919 1632 943 1624 945 1624 945 1624 945 1624 947 1624 947 1624 949 1624 976 1632 1009 1642 1045 1634 1076 1628 1076 1628 1076 1628 1078 1628 1174 1638 1174 1702 1170 1720 1031 1708 1005 1716 1004 1716 1002 1716 1002 1716 1002 1716 1000 1716 1000 1716 998 1716 998 1716 998 1716 996 1716 996 1716 996 1716 996 1714 994 1714 988 1706 980 1714 980 1714 978 1714 978 1714 978 1714 978 1714 976 1714 976 1714 976 1714 974 1714 855 1710 855 1710 855 1710 853 1710 853 1710 808 1696 782 1706 782 1706 780 1706 780 1706 780 1706 778 1706 778 1706 778 1706 776 1706 776 1706 749 1694 714 1706 712 1706 710 1706 710 1706 710 1706 708 1706 638 1704 638 1704 638 1704 636 1704 636 1704 636 1704 634 1704 634 1704 634 1702 634 1702 622 1693 589 1702 585 1702 583 1702 583 1702 581 1702 581 1702 581 1702 571 1700 508 1689 407 1693 405 1693 405 1693 405 1693 403 1693 403 1693 403 1693 401 1693 401 1693 389 1683 244 1689 242 1689 242 1689 242 1689 240 1689 240 1689 211 1677 168 1689 164 1689 162 1689 162 1689 160 1689 160 1689 160 1689 158 1689 158 1689 158 1689 156 1689 156 1689 156 1687 138 1673 93 1673 33 1683"/></Shape>
	    <String CONTENT="ger l’un l’autre. Et guidera Folie l’aueugle"
                    HPOS="33"
                    VPOS="1597"
                    WIDTH="1141"
                    HEIGHT="123"></String>
          </TextLine>

          
          
          <TextLine ID="eSc_line_e163334a"
                    TAGREFS="LT1422"
                    BASELINE="29 1737 1172 1781" 
                    HPOS="23"
                    VPOS="1671"
                    WIDTH="1149"
                    HEIGHT="131">
            <Shape><Polygon POINTS="29 1737 23 1689 52 1671 54 1671 54 1671 56 1671 56 1671 56 1671 58 1671 58 1671 60 1671 60 1671 109 1691 205 1693 291 1694 293 1694 336 1677 336 1677 338 1677 338 1677 340 1677 340 1677 340 1677 450 1698 456 1698 459 1698 512 1685 514 1685 514 1685 516 1685 516 1685 516 1685 518 1685 518 1685 518 1685 548 1700 549 1700 551 1700 589 1693 589 1693 589 1693 591 1693 591 1693 593 1693 593 1693 618 1702 620 1702 622 1702 649 1689 649 1689 649 1689 651 1689 651 1689 653 1689 653 1689 653 1689 655 1689 655 1689 655 1689 657 1689 657 1689 657 1691 659 1691 669 1702 671 1706 679 1702 708 1693 708 1693 710 1693 710 1693 712 1693 712 1693 712 1693 780 1704 798 1708 802 1706 814 1696 814 1696 816 1696 816 1696 816 1696 818 1696 818 1696 820 1696 1015 1702 1015 1702 1015 1702 1017 1702 1017 1702 1017 1702 1019 1702 1019 1702 1029 1710 1047 1724 1107 1714 1107 1714 1109 1714 1109 1714 1109 1714 1111 1714 1111 1714 1111 1714 1113 1714 1113 1714 1129 1728 1168 1714 1172 1781 1168 1802 1047 1784 1025 1796 1019 1798 1019 1798 1019 1798 1017 1798 1017 1798 1015 1798 1015 1798 1015 1798 1013 1798 1004 1794 960 1781 929 1790 919 1794 917 1794 917 1794 917 1794 915 1794 915 1794 915 1794 892 1788 845 1779 790 1784 765 1786 765 1786 763 1786 763 1786 761 1786 761 1786 761 1786 759 1786 759 1786 759 1784 755 1782 745 1773 694 1779 653 1784 653 1784 651 1784 651 1784 557 1773 481 1763 448 1767 393 1775 393 1775 391 1775 391 1775 391 1775 389 1775 389 1775 389 1775 387 1775 387 1775 387 1773 377 1763 375 1763 373 1763 354 1769 352 1769 352 1769 350 1769 350 1769 350 1769 348 1769 322 1761 309 1757 283 1759 205 1767 205 1767 203 1767 203 1767 201 1767 156 1753 148 1751 140 1751 90 1759 90 1759 88 1759 88 1759 88 1759 25 1745"/></Shape>
	    <String CONTENT="Amour, &amp; le conduira par tout ou bon lui"
                    HPOS="23"
                    VPOS="1671"
                    WIDTH="1149"
                    HEIGHT="131"></String>
          </TextLine>

          
          
          <TextLine ID="eSc_line_7d45ed6f"
                    TAGREFS="LT1422"
                    BASELINE="27 1814 1172 1857" 
                    HPOS="23"
                    VPOS="1743"
                    WIDTH="1149"
                    HEIGHT="139">
            <Shape><Polygon POINTS="27 1814 23 1755 52 1743 52 1743 54 1743 54 1743 56 1743 56 1743 56 1743 58 1743 58 1743 60 1743 60 1743 78 1757 91 1767 103 1759 121 1747 123 1747 123 1747 123 1747 125 1747 125 1747 127 1747 127 1747 127 1747 129 1747 129 1747 162 1761 185 1773 268 1775 299 1767 352 1755 352 1755 352 1755 354 1755 577 1763 577 1763 577 1763 579 1763 579 1763 626 1782 638 1788 641 1784 659 1769 659 1767 659 1767 661 1767 661 1767 661 1767 663 1767 663 1767 665 1767 735 1769 735 1769 735 1769 737 1769 737 1769 782 1790 790 1794 796 1790 837 1775 837 1775 839 1775 839 1775 839 1775 841 1775 841 1775 843 1775 843 1775 843 1775 888 1796 894 1798 943 1798 1092 1796 1094 1796 1094 1796 1172 1810 1172 1857 1172 1867 1123 1882 1121 1882 1121 1882 1121 1882 1119 1882 980 1876 980 1876 980 1876 978 1876 978 1876 978 1876 976 1876 976 1876 959 1861 959 1861 959 1861 915 1874 913 1874 913 1874 912 1874 912 1874 733 1855 702 1851 685 1853 600 1863 600 1863 598 1863 598 1863 506 1847 479 1843 409 1843 256 1847 254 1847 254 1847 254 1847 252 1847 227 1839 209 1833 25 1833"/></Shape>
	    <String CONTENT="ſemblera. Et ſur la reſtituciõ de ſes yeus, apres"
                    HPOS="23"
                    VPOS="1743"
                    WIDTH="1149"
                    HEIGHT="139"></String>
          </TextLine>

          
          
          <TextLine ID="eSc_line_8bc380b4"
                    TAGREFS="LT1422"
                    BASELINE="25 1888 1166 1933" 
                    HPOS="21"
                    VPOS="1835"
                    WIDTH="1145"
                    HEIGHT="131">
            <Shape><Polygon POINTS="25 1888 23 1843 137 1839 138 1839 138 1839 140 1839 140 1839 140 1839 142 1839 142 1839 142 1841 148 1845 150 1847 152 1847 168 1835 170 1835 170 1835 170 1835 172 1835 172 1835 174 1835 174 1835 174 1835 242 1849 274 1855 289 1851 319 1841 320 1841 320 1841 320 1841 322 1841 362 1843 362 1843 362 1843 364 1843 364 1843 365 1843 365 1843 365 1845 365 1845 373 1853 379 1861 442 1861 454 1855 469 1847 469 1847 469 1847 471 1847 471 1847 471 1847 473 1847 473 1847 553 1859 624 1868 679 1863 683 1863 683 1863 685 1863 685 1863 692 1863 780 1874 802 1867 816 1861 816 1861 818 1861 818 1861 820 1861 820 1861 820 1861 859 1868 923 1880 968 1870 984 1868 984 1868 986 1868 1019 1868 1019 1868 1019 1868 1021 1868 1021 1868 1021 1868 1023 1868 1023 1868 1023 1870 1025 1870 1027 1872 1035 1882 1164 1878 1166 1933 1166 1953 1141 1966 1141 1966 1141 1966 1139 1966 1139 1966 1139 1966 1137 1966 1137 1966 1135 1966 1135 1966 1135 1966 1133 1966 1115 1955 1101 1962 1101 1962 1101 1962 1099 1962 1099 1962 1099 1962 1097 1962 1097 1962 1096 1962 1096 1962 1096 1962 1094 1962 1094 1962 1094 1960 1084 1951 915 1945 880 1956 878 1956 878 1956 878 1956 876 1956 876 1956 874 1956 874 1956 874 1956 851 1945 820 1960 820 1960 820 1960 818 1960 818 1960 818 1960 816 1960 816 1960 814 1960 814 1960 767 1943 681 1955 681 1955 679 1955 679 1955 679 1955 677 1955 677 1955 647 1943 624 1953 624 1953 622 1953 622 1953 622 1953 620 1953 389 1943 389 1943 387 1943 387 1943 387 1943 360 1929 348 1941 348 1941 348 1941 346 1941 346 1941 344 1941 344 1941 344 1941 342 1941 225 1937 225 1937 223 1937 223 1937 164 1913 21 1908"/></Shape>
	    <String CONTENT="en auoir parlé aus Parques, en ſera ordonné."
                    HPOS="21"
                    VPOS="1835"
                    WIDTH="1145"
                    HEIGHT="131"></String>
          </TextLine>

          
          
          <TextLine ID="eSc_line_ef927610"
                    TAGREFS="LT1420"
                    BASELINE="209 2037 947 2064" 
                    HPOS="207"
                    VPOS="1980"
                    WIDTH="742"
                    HEIGHT="107">
            <Shape><Polygon POINTS="209 2037 209 1980 369 1980 371 1980 373 1980 385 1988 395 1994 403 1990 418 1982 420 1982 422 1982 424 1982 426 1982 426 1984 434 1990 440 1998 471 1992 502 1988 504 1988 506 1988 520 1996 534 2003 688 2007 700 2003 730 1994 731 1994 733 1994 735 1994 737 1994 755 2007 759 2009 763 2007 786 1996 788 1996 790 1996 792 1996 794 1996 816 2009 820 2013 863 2013 872 2013 890 1999 892 1999 894 1999 896 1999 898 1999 949 2017 947 2064 941 2087 892 2076 804 2084 790 2084 788 2084 759 2082 602 2066 497 2072 481 2072 479 2072 477 2072 475 2072 475 2070 473 2070 465 2060 207 2060"/></Shape>
	    <String CONTENT="Fin du debat d&#x27;Amour &amp; de Folie."
                    HPOS="207"
                    VPOS="1980"
                    WIDTH="742"
                    HEIGHT="107"></String>
          </TextLine>

          
        </TextBlock>
        
        <TextBlock HPOS="867"
                   VPOS="2119"
                   WIDTH="137"
                   HEIGHT="76"
                   ID="eSc_textblock_e2b2572b"
                   TAGREFS="BT4318">
          <Shape><Polygon POINTS="996 2127 1004 2172 867 2195 867 2119"/></Shape>
          
          
          <TextLine ID="eSc_line_ef17fd4d"
                    TAGREFS="LT1422"
                    BASELINE="878 2185 909 2180" 
                    HPOS="867"
                    VPOS="2119"
                    WIDTH="41"
                    HEIGHT="92">
            <Shape><Polygon POINTS="888 2119 882 2119 867 2119 876 2183 878 2201 906 2211 908 2179 898 2119 888 2119"/></Shape>
	    <String CONTENT="g"
                    HPOS="867"
                    VPOS="2119"
                    WIDTH="41"
                    HEIGHT="92"></String>
          </TextLine>

          
          
          <TextLine ID="eSc_line_07419a7e"
                    TAGREFS="LT1422"
                    BASELINE="960 2172 994 2172" 
                    HPOS="960"
                    VPOS="2105"
                    WIDTH="34"
                    HEIGHT="111">
            <Shape><Polygon POINTS="960 2172 960 2105 994 2105 994 2172 994 2216 960 2216"/></Shape>
	    <String CONTENT="2"
                    HPOS="960"
                    VPOS="2105"
                    WIDTH="34"
                    HEIGHT="111"></String>
          </TextLine>

          
        </TextBlock>
        

        
      </PrintSpace>
    </Page>
  </Layout>
</alto>
