1319 2365
234 224 836 116 ELEGIES.

427 482 446 75 ELEGIE I.

94 561 1140 99 Au tems qu'Amour, d’hommes & Dieus vainqueur,

94 638 822 87 Faiſoit bruler de ſa flamme mon cœur,

96 705 704 89 En embraſſant de ſa cruelle rage

100 786 905 75 Mon ſang, mes os, mon eſprit & courage.

94 833 718 85 Encore lors ie n’auois la puiſſance

98 900 883 83 De lamenter ma peine & ma ſouffrance.

106 967 814 81 Encor Phebus, ami des Lauriers vers,

104 1028 771 89 Nauoit permis que ie fiſſe des vers:

108 1099 814 81 Mais meintenant que ſa ſureur diuine

112 1170 812 81 Remplit d’ardeur ma hardie poitrine,

110 1229 913 89 Chanter me fait, non les bruians tonnerres

110 1302 739 81 De Iupiter, ou les cruelles guerres,

108 1361 962 81 Dont trouble Mars, quand il veut, l'Vniuers.

114 1422 708 85 Il m'a donné la lyre, qui les vers

120 1486 842 78 Souloit chanter de l'mour Lesbienne:

114 1560 761 81 Et à ce coup pleurera de la mienne.

124 1629 747 75 O dous archet, adouci moy la voix.

130 1696 887 85 Qui pourroit fendre & aigrir quelquefois,

128 1765 840 71 En recitant tant d’ennuis & douleurs,

126 1821 814 80 Tant de deſpits fortunes & malheurs.

128 1886 968 82 Trempe l’ardeur, dont iadis mon cœur tendre

128 1959 822 86 Fut en brulant demi reduit en cendre.

1179 1964 114 130 Ie ſen
