1319 2365
29 1 81 107 02

386 -5 501 87 ELEGIES.

82 82 840 95 N'eſtimez point que lon doiue blamer

86 163 746 83 Celles qu'à fait Cupidon enflamer.

88 222 954 87 Autres que nous, nonobſtant leur hauteſſe,

90 291 722 81 Ont enduré l’amoureuſe rudeſſe:

94 352 978 89 Leur cœur hautein, leur beauté, leur lignage,

92 419 771 91 Ne les ont ſu preſeruer du ſeruage

92 480 866 91 De dur Amour: les plus nobles eſprits

94 549 885 97 En ſont plus fort & plus ſoudein eſpris.

98 628 759 71 Semiramis, Royne tant renommee,

102 687 834 87 Qui mit en route auecques ſon armee

100 750 789 83 Les noirs ſquadrons des Ethiopiens,

98 817 933 85 Et en montrant louable exemple aus ſiens

106 882 763 89 Faiſoit couler de ſon furieus branc

106 951 796 83 Des ennemis les plus braues le ſang,

108 1020 733 73 Ayant encor enuie de conquerre

106 1080 913 90 Tans ſes voiſins, ou leur mener la guerre,

116 1148 810 85 Trouua Amour, qui ſi fort la preſſa,

116 1216 808 86 Qu'armes & loix veincue elle laiſſa.

110 1281 727 84 Ne meritoit ſa Royalle grandeur

114 1338 974 98 Au moins auoir un moins faſcheus malheur

118 1409 867 98 Qu'aymer ſon fils? Royne de Babylonne

118 1476 881 94 Ou eſt ton cœur qui es combaz reſonne?

124 1547 745 84 Qu'eſt deuenu ce fer & cet eſcu,

116 1612 861 86 Dont tu rendois le plus braue veincu?

122 1679 717 75 Ou as tu mis la Marciale creſte,

126 1738 842 90 Qui obombroit le blond or de ta teſte?

122 1809 769 88 Ou eſt l’eſpee, ou eſt cette cuiraſſe,

122 1872 861 85 Dont tu rompois des ennemis l’audace?

124 1941 745 86 Ou ſont fuiz tes courſiers furieus,

122 2002 871 102 Leſquels trainoient ton char victorieus?

1234 2049 59 91 Ta
