1325 2362
324 1 477 63 ELEGIES.

66 64 817 95 T'a pù ſi tot un foible ennemi rompre?

64 141 829 81 Ha pù ſi tot ton cœur viril corrompre,

68 200 835 89 Que le plaiſir d'armes plus ne te touche:

59 269 828 85 Mais ſeulement languis en une couche?

57 334 740 85 Tu as laißé les aigreurs Marciales,

59 403 783 81 Pour recouurer les douceurs geniales.

59 464 750 79 Ainſi Amour de toy t'a estrangee,

61 533 787 87 Qu'on te diroit en une autre changee,

53 594 775 92 Donques celui lequel d’amour eſpriſe

53 657 884 88 Pleindre me voit, que point il ne meſpriſe

53 720 960 102 Mon triſte deuil: Amour, peut eſtre, en brief

51 791 827 94 En ſon endroit n'aparoitra moins grief.

49 860 714 82 Telle i'ay vù qui auoit en ieuneſſe

51 921 781 90 Blamé Amour: apres en ſa vieilleſſe

51 984 844 98 Bruler d’ardeur, & pleindre tendrement

47 1053 819 96 L'ápre rigueur de ſon tardif tourment.

47 1123 716 83 Alors de fard & eau continuelle

45 1181 671 96 Elle eſſayoit ſe faire venir belle,

43 1249 718 91 Voulant chaſſer le ridé labourage,

45 1314 809 107 Que l’aage auoit graué ſur ſon viſage.

45 1387 805 93 Sur ſon chef gris elle auoit empruntee

45 1448 833 93 Quelque perruque, & aſſez mal antee:

37 1519 746 93 Et plus eſtoit à ſon gré bien fardee,

41 1580 758 97 De ſon Ami moins eſtoit regardee:

33 1643 847 97 Lequel ailleurs fuiant n'en tenoit conte,

37 1712 982 98 Tant lui ſembloit laide, & auoit grand honte

37 1769 878 104 D'eſtre aymé d'elle. Ainſi la poure vieille

43 1842 734 100 Receuoit bien pareille pour pareille.

39 1911 888 98 De maints en vain un tems fut reclamee,

37 1972 837 122 Ores qu'elle ayme, elle n'eſt point aymee.

761 2076 146 73 g 4

1063 2043 155 110 Ainſi
