1319 2365
358 1 501 71 ELEGIES.

72 70 886 95 Ainſi Amour prend ſon plaiſir, à faire

80 151 919 77 Que le veuil dun ſoit à l’autre contraire.

69 218 873 83 Tel n'ayme point, qu'une Dame aymera:

70 279 734 85 Tel ayme außi, qui aymé ne ſera:

72 344 825 85 Et entretient, neanmoins, ſa puiſſance

74 411 817 89 Et ſa rigueur d'une vaine eſperance.

358 502 479 73 ELEGIE II.

70 597 862 94 D'un tel vouloir le ſerf point ne deſire

74 668 732 82 La liberté, ou ſon port le nauire,

74 733 817 88 Comme i'atens, helas, de iour en iour

70 804 712 84 De toy, Ami, le gracieus retour.

70 865 793 79 Là i’auois mis le but de ma douleur,

76 928 856 90 Qui fineroit, quand i'aurois ce bon heur

69 1001 863 71 De te reuoir: mais de la longue atente,

70 1064 813 79 Helas, en vain mon deſir ſe lamente.

69 1113 808 101 Cruel, Cruel, qui te faiſoit promettre

70 1194 844 79 Ton brief retour en ta premiere lettre?

72 1265 752 75 As tu ſi peu de memoire de moy,

72 1328 787 75 Que de m'auoir ſi tot rompu la foy?

63 1391 700 81 Comme oſe tu ainſi abuſer celle

70 1456 760 79 Qui de tout tems t'a eſté ſi fidelle?

69 1531 753 79 Or' que tu es aupres de ce riuage

63 1592 830 85 Du Pau cornu, peut eſtre ton courage

63 1651 776 89 S'eſt embrasé d’une nouuelle flame,

67 1722 1082 89 En me changeant pour prendre vne autre Dame:

65 1785 774 81 Ià en oubli inconſtamment eſt miſe

61 1850 772 87 La loyauté que tu m'auois promiſe.

63 1913 703 89 S’il eſt ainſi, & que deſia la foy

63 1978 658 115 Et la bonté ſe retirent de toy:

1198 2035 50 85 Il
