1319 2365
59 5 71 89 06

439 0 477 82 ELEGIES.

102 74 720 97 Si toutefois, pour eſtre enamouré

108 137 779 89 En autre lieu, tu as tant demeuré,

110 204 739 87 Si sáy ie bien que t'amie nouuelle

114 271 804 93 A peine aura le renom d’eſtre telle,

112 338 865 91 Soit en beauté, vertu, grace & faconde,

116 402 948 94 Comme pluſieurs gens ſauans par le monde

118 474 917 81 M'ont fait à tort, ce cróy ie, eſtre eſtimee.

120 543 848 79 Mais qui pourra garder la renommee?

122 610 812 83 Non ſeulement en France ſuis flatee,

120 672 865 82 Et beaucoup plus, que ne veus, exaltee.

130 739 806 86 La terre außi que Calpe & Pyrenee

132 808 753 76 Auec la mer tiennent enuironnee,

132 871 802 84 Du large Rhin les roulantes areines,

132 934 816 90 Le beau païs auquel or' te promeines,

136 999 796 88 Ont entendu (tu me l’as fait à croire)

141 1064 984 98 Que gens d'eſprit me donnent quelque gloire.

138 1135 940 82 Goute le bien que tant d'hommes deſirent:

139 1210 915 73 Demeure au but ou tant dautres aſpirent:

138 1271 833 69 Et croy qu’ailleurs n'en auras une telle.

141 1328 791 91 Ie ne dy pas qu'elle ne ſoit plus belle:

141 1399 827 75 Mais que iamais femme ne t’aymera,

143 1468 844 83 Ne plus que moy d’honneur te portera.

145 1527 1045 94 Maints grans Signeurs à mon amour pretendent,

145 1602 897 77 Et à me plaire & ſeruir prets ſe rendent,

145 1665 797 77 Ioutes & ieus, maintes belles deuiſes

147 1726 832 83 En ma faueur ſont par eus entrepriſes:

147 1799 826 81 Et neanmoins, tant peu ie m'en ſoucie,

151 1864 740 83 Que ſeulement ne les en remercie:

153 1925 943 75 Tu es tout ſeul, tout mon mal & mon bien:

157 1998 885 116 Auec toy tout, & ſans toy ie n'ay rien:

1267 2065 41 55 Et
