1325 2362
41 70 768 93 Et n'ayant rien qui plaiſe à ma penſee,

43 147 716 79 De tout plaiſir me treuue delaiſſee,

41 208 754 85 Et pour plaiſir, ennui ſaiſir me vient.

37 277 732 79 Le regretter & plorer me conuient,

39 342 748 77 Et ſur ce point entre en tel deſconfort,

39 401 667 85 Que mile fois ie ſouhaite la mort.

37 472 673 77 Ainſi, Ami, ton abſence lointeine

31 535 823 86 Depuis deus mois me tient en cette peine,

37 604 906 84 Ne viuant pas, mais mourant d’une Amour

31 663 705 79 Lequel m'occit dix mile fois le iour.

31 730 780 88 Reuien donq tot, ſi tu as quelque enuie

33 803 726 76 De me reuoir encor' un coup en vie.

33 866 624 76 Et ſi la mort auant ton arriuee

35 925 793 94 Ha de mon corps l’aymante ame priuee,

33 994 839 86 Au moins un iour vien, habillé de dueil,

29 1060 727 75 Enuironner le tour de mon cercueil.

31 1121 833 97 Que pluſt à Dieu que lors fuſſent trouuez

27 1188 902 91 Ces quatre vers en blanc marbre engrauez.

25 1255 1248 99 PAR TOY, AMI, TANT VESQVI ENFLAMM

27 1320 1242 93 QV’EN LANGVISSANT PAR FEV SVIS CONS

25 1393 1246 93 QVI COVVE ENCOR SOVS MA CENDRE EMB

19 1454 1252 102 SI NE LA RENS DE TES PLEVRS APAIZE

240 1572 535 93 ELEGIE III.

19 1645 798 100 Quand vous lirez, ô Dames Lionnoiſes,

15 1724 888 98 Ces miens eſcrits pleins d’amoureuſes noiſes,

15 1785 922 100 Quand mes regrets, ennuis, deſpits & larmes

15 1850 790 96 M'orrez chanter en pitoyables carmes,

15 1915 878 110 Ne veuillez point condamner ma ſimpleſſe,

15 1982 713 108 Et ieune erreur de ma fole ieuneſſe,

315 -3 498 73 ELEGIES.

1179 43 104 77 101

1128 2075 55 84 si
