1319 2365
74 39 62 91 08

382 0 491 84 ELEGIES.

128 88 857 85 Si c'eſt erreur: mais qui deſſous les Cieus

128 159 727 73 Se peut vanter de n'eſtre vicieus?

132 216 774 79 L’un n'eſt content de ſa ſorte de vie,

134 289 786 67 Et touſiours porte à ſes voiſins enuie:

132 350 853 75 L’un forcenant de voir la paix en terre,

136 411 905 91 Par tous moyens tache y mettre la guerre:

132 486 737 69 L’autre croyant poureté eſtre vice,

139 545 805 79 A autre Dieu qu'or, ne fait ſacrifice:

136 612 719 85 L’autre ſa foy pariure il emploira

138 681 725 71 A deceuoir quelcun qui le croira:

138 744 822 83 L'un en mentant de ſa langue lezarde.

141 811 852 79 Mile brocars ſur l’un & l’autre darde:

141 875 785 78 Ie ne ſuis point ſous ces planettes nee,

145 946 803 80 Qui m'uſſent pu tant faire infortunee.

141 1005 823 84 Onques ne fut mon œil marri, de voir

145 1074 1004 82 Chez mon voiſin mieus que chez moy pleuuoir.

139 1143 834 78 Onq ne mis noiſe ou diſcord entre amis:

141 1210 746 78 A faire gain iamais ne me ſoumis.

141 1283 773 68 Mentir, tromper, & abuſer autrui,

145 1336 763 79 Tant m'a deſplu, que meſdire de lui.

139 1401 807 83 Mais ſi en moy rien y ha d’imparfait,

143 1464 990 85 Qu'on blame Amour: c'eſt lui ſeul qui l’a fait.

139 1539 886 79 Sur mon verd aage en ſes laqs il me prit,

145 1596 864 87 Lors qu'exerçoi mon corps & mon eſprit

141 1667 771 85 En mile & mile euures ingenieuſes,

147 1736 864 79 Qu'en peu de tems me rendit ennuieuſes.

141 1799 836 87 Pour bien ſauoir auec l’eſguille peindre

143 1860 791 89 I'uſſe entrepris la renommee eſteindre

145 1925 744 97 De celle là, qui plus docte que ſage,

145 1998 771 102 Auec Pallas comparoit ſon ouurage.

1232 2049 72 75 Qui
