1325 2362
261 -3 477 71 ELEGIES.

1167 39 108 67 109

53 62 791 97 Qui m'uſt vù lors en armes fiere aller,

41 133 709 77 Porter la lance & bois faire voler,

43 200 705 81 Le deuoir faire en l’estour furieus,

39 263 677 89 Piquer, volter le cheual glorieus,

33 328 856 95 Pour Bradamante, ou la haute Marphiſe,

37 393 764 91 Seur de Roger, il m’uſt, poßible, priſe.

35 460 943 100 Mais quoy? Amour ne put longuement voir,

35 539 913 88 Mon cœur n'aymant que Mars & le ſauoir:

35 590 711 93 Et me voulant donner autre ſouci,

27 659 612 86 En ſouriant, il me diſoit ainſi:

31 726 713 92 Tu penſes donq, ô Lionnoiſe Dame,

27 795 778 86 Pouuoir fuir par ce moyen ma flame:

29 850 793 98 Mais non feras, i’ay ſubiugué les Dieus

29 915 791 94 Et bas Enfers, en la Mer & es Cieus.

33 988 703 88 Et penſes tu que n'aye tel pouuoir

19 1047 744 94 Sur les humeins, de leur faire ſauoir

19 1106 878 106 Quil n’y ha rien qui de ma main eſchape?

19 1175 845 106 Plus fort ſe penſe & plus tot ie le frape.

13 1243 839 107 De me blamer quelquefois tu n'as honte,

15 1308 809 99 En te fiant en Mars dont tu fais conte:

13 1369 784 107 Mais meintenant, voy ſi pour perſister

9 1434 699 97 En le ſuiuant me pourras reſister.

13 1499 737 103 Ainſi parloit, & tout eſchaufé d’ire

9 1568 760 109 Hors de ſa trouſſe une ſagette il tire,

9 1625 711 116 Et decochant de ſon extreme force,

7 1696 784 106 Droit la tira contre ma tendre eſcorce,

9 1755 841 124 Foible harnois, pour bien couurir le cœur,

9 1820 918 138 Contre l'Archer qui touſiours eſt vainqueur.

9 1883 882 140 la breſche faite, entre Amour en la place,

9 1946 747 136 Dont le repos premierement il chaſſe:

996 2064 138 97 Et de
