1319 2365
47 0 114 118 110

388 -5 499 93 ELEGIES.

126 78 851 103 Et de trauail qui me donne ſans ceſſe,

124 159 863 87 Boire, menger, & dormir ne me laiſſe.

116 214 873 105 Il ne me chaut de ſoleil ne d’ombrage:

122 285 952 97 Ie n'ay qu'Amour & feu en mon courage,

134 352 875 103 Qui me deſguiſe, & fait autre paroitre,

126 417 924 101 Tant que ne peu moymeſme me connoitre.

128 494 755 87 Ie n’auois vù encore ſeize Hiuers,

132 549 845 87 Lors que i'entray en ces ennuis diuers:

128 612 644 101 Et ià voici le treiziéme Esté

138 677 865 101 Que mon cœur fut par Amour arreſté.

130 746 875 89 Le tems met fin aus hautes Pyramides,

132 813 869 85 Le tems met fin aus fonteines humides:

134 878 778 87 Il ne pardonne aus braues Coliſees,

136 946 745 94 Il met à fin les viles plus priſees:

136 1013 609 94 Finir außi il ha acoutumé

143 1068 807 100 Le feu d'Amour tant ſoit il allumé:

145 1135 943 104 Mais, las! en moy il ſemble qu'il augmente

147 1204 939 100 Auec le tems, & que plus me tourmente.

141 1279 712 88 Paris ayma Oenone ardemment,

149 1344 824 90 Mais ſon amour ne dura longuement:

149 1413 606 76 Medee fut aymee de Iaſon,

153 1474 805 94 Qui tot apres la mit hors ſa maiſon.

153 1541 724 79 Si meritoient elles eſtre estimees,

153 1600 911 96 Et pour aymer leurs Amis, estre aymees.

157 1667 813 98 S'eſtant aymé on peut Amour laiſſer

159 1730 757 102 N'eſt il raiſon, ne l’eſtant, ſe laſſer?

159 1805 814 90 N'eſt il raiſon te prier de permettre,

165 1852 1031 110 Amour, que puiſſe à mes tourmens fin mettre?

165 1929 986 100 Ne permets point que de Mort face eſpreuue,

169 2002 793 108 Et plus que toy pitoyable la treuue:

1230 2054 82 66 Mais
