1325 2362
301 0 494 74 SONNETS.

1232 39 53 61 11

462 80 132 63 III.

63 131 714 89 O longs deſirs, O eſperances vaines,

100 202 807 81 Tiſtes ſoupirs & larmes coutumieres

96 279 829 69 A engendrer de moy maintes riuieres,

96 332 976 93 Dont mes deus yeus ſont ſources & fontaines:

51 401 706 79 O cruautez, o durtez inhumaines,

88 476 746 67 Piteus regars des celeſtes lumieres:

84 541 760 79 Du cœur tranſi o paßions premieres,

82 598 853 75 Eſtimez vous croitre encore mes peines?

47 665 833 82 Qu'encor Amour ſur moy ſon arc eſſaie,

82 730 977 94 Que nouueaus feus me gette & nouueaus dars:

78 793 863 94 Qu'il ſe deſpite, & pis qu’il pourra face:

35 862 793 76 Car ie ſuis tant nauree en toutes pars,

74 927 770 90 Que plus en moy une nouuelle plaie,

70 994 896 94 Pour m'empirer ne pourroit trouuer place.

393 1070 174 63 IIII.

31 1116 754 94 Depuis qu'Amour cruel empoiſonna

64 1190 814 85 Premierement de ſon feu ma poitrine,

63 1245 785 99 Touſiours brulay de ſa fureur diuine,

64 1318 863 95 Qui un ſeul iour mon cœur n’abandonna.

27 1385 811 93 Quelque trauail, dont aſſez me donna,

64 1450 794 95 Quelque menaſſe & procheine ruïne:

63 1525 883 91 Quelque penſer de mort qui tout termine,

61 1592 822 83 De rien mon cœur ardent ne s’eſtonna.

19 1641 959 106 Tans plus qu'Amour nous vient fort aſſaillir,

55 1710 758 91 Plus il nous fait nos forces recueillir,

55 1777 895 94 Et touſiours frais en ſes combats fait eſtre:

15 1840 863 96 Mais ce n'eſt pas qu'en rien nous fauoriſe,

57 1911 905 94 Cil qui les Dieus & les hommes meſpriſe:

53 1984 927 106 Mais pour plus fort contre les fors paroitre.

860 2076 29 65 h

1051 2047 132 96 Clere
