1349 2359
39 -1 86 118 14

316 31 494 61 SONNETS.

505 92 47 65 V.

92 141 806 98 Clere Venus, qui erres par les Cieus,

153 210 893 94 Entens ma voix qui en pleins chantera,

155 275 859 86 Tant que ta face au haut du Ciel luira,

157 349 773 81 Son long trauail & ſouci ennuieus.

100 406 900 97 Mon œil veillant s’atendrira bien mieus,

157 475 788 95 Et plus de pleurs te voyant getera.

157 542 863 89 Mieus mon lit mol de larmes baignera,

161 605 875 85 De ſes trauaus voyant témoins tes yeus.

104 666 859 102 Donq des humains ſont les laſſez eſprits

159 737 798 90 De dous repos & de ſommeil eſpris.

165 807 788 87 I'endure mal tant que le Soleil luit:

104 870 771 97 Et quand ie ſuis quaſi toute caßee,

167 933 802 95 Et que me ſuis miſe en mon lit laſſee,

161 1000 847 91 Crier me faut mon mal toute la nuit.

475 1081 101 61 VI.

110 1128 859 92 Deus ou trois fois bienheureus le retour

169 1199 910 92 De ce cler Aſtre, & plus heureus encore

167 1265 759 93 Ce que ſon œil de regarder honore.

175 1336 739 81 Que celle là receuroit un bon iour,

119 1393 891 97 Qu'elle pourroit ſe vanter d’un bon tour

176 1460 844 93 Qui baiſeroit le plus beau don de Flore,

173 1529 922 82 Le mieus ſentant que iamais vid Aurore,

169 1592 688 88 Et y feroit ſur ſes leures ſeiour!

114 1653 833 100 Ceſt à moy ſeule à qui ce bien eſt du,

175 1724 951 92 Pour tant de pleurs & tant de tems perdu:

175 1790 831 87 Mais le voyant, tant lui feray de feſte,

116 1855 855 95 Tant emploiray de mes yeus le pouuoir,

173 1918 780 91 Pour deſſus lui plus de credit auoir,

180 1989 907 110 Qu'en peu de tems feray grande conqueſte.

1250 2046 61 73 On
