1349 2359
15 -3 91 118 16

340 15 517 71 SONNETS.

460 94 106 67 IX.

78 137 917 106 Tout außi tot que ie commence à prendre

135 208 694 90 Dens le mol lit le repos deſiré,

141 273 781 96 Mon triſte eſprit hors de moy retiré

143 342 855 88 S'en va vers toy incontinent ſe rendre.

88 404 956 99 Lors m'eſt auis que dedens mon ſein tendre

149 479 767 81 Ie tiens le bien, ou i’ay tant aſpiré,

151 538 787 100 Et pour lequel i’ay ſi haut ſouſpiré,

163 601 867 104 Que de ſanglots ay ſouuent cuidé fendre.

102 676 865 84 O dous ſommeil, o nuit à moy heureuſe!

157 737 773 98 Plaiſant repos, plein de tranquilité,

161 805 816 87 Continuez toutes les nuiz mon ſonge:

102 866 828 105 Et ſi iamais ma poure ame amoureuſe

163 943 739 73 Ne doit auoir de bien en verité,

165 996 936 100 Faites au moins qu'elle en ait en menſonge.

497 1083 71 70 X.

112 1124 896 106 Quand i’aperçoy ton blond chef couronné

165 1191 1046 94 D'un laurier verd, faire un Lut ſi bien pleindre,

173 1265 884 95 Que tu pourrois à te ſuiure contreindre

169 1332 888 83 Arbres & rocs: quand ie te vois orné,

119 1401 738 81 Et de vertus dix mile enuironné,

176 1452 1055 104 Au chef d’honneur plus haut que nul ateindre,

175 1527 882 92 Et des plus hauts les louenges eſteindre:

176 1598 791 86 Lors dit mon cœur en ſoy paßionné:

119 1665 836 82 Tant de vertus qui te ſont eſtre aymé,

186 1727 746 91 Qui de chacun te font eſtre eſtimé,

180 1788 877 95 Ne te pourroient außi bien faire aymer?

121 1857 706 91 Et aioutant à ta vertu louable

180 1924 750 85 Ce nom encor de m'eſtre pitoyable,

175 1989 857 102 De mon amour doucement t'enflamer?

1172 2028 133 108 O dous
