1349 2359
17 51 91 47 118

308 -3 529 101 SONNETS.

442 102 189 69 XIII.

92 147 743 102 Oh ſi i'eſtois en ce beau ſein rauie

151 224 838 86 De celui là pour lequel vois mourant:

153 294 680 87 Si auec lui viure le demeurant

149 351 910 93 De mes cours iours ne m'empeſchoit enuie:

94 424 806 83 Si m’acollant me diſoit, chere Amie,

155 485 877 89 Contentons nous l’un l’autre, s’aſſeurant

163 556 784 94 Que ia tempeſte, Euripe, ne Courant

155 621 863 82 Ne nous pourra deſioindre en notre vie:

100 690 684 86 Si de mes bras le tenant acollé,

163 747 853 94 Comme du Lierre eſt l’arbre encercelé,

161 815 832 83 La mort venoit, de mon aiſe enuieuſe:

98 884 741 96 Lors que ſouef plus il me baiſeroit,

163 951 776 86 Et mon eſprit ſur ſes leures fuiroit,

163 1010 987 96 Bien ie mourrois, plus que viuante, heureuſe.

452 1093 222 68 XIIII.

100 1146 979 94 Tant que mes yeus pourront larmes eſpandre,

163 1214 757 93 A l’heur paßé auec toy regretter:

161 1279 794 101 Et qu’aus ſanglots & ſoupirs reſiſter

165 1348 961 89 Pourra ma voix, & un peu faire entendre:

106 1411 971 94 Tant que ma main pourra les cordes tendre

165 1482 914 88 Du mignart Lut, pour tes graces chanter:

161 1551 816 86 Tant que l’eſprit ſe voudra contenter

165 1611 955 91 De ne vouloir rien fors que toy comprendre:

110 1678 800 87 Ie ne ſouhaitte encore point mourir.

165 1747 833 87 Mais quand mes yeus ie ſentiray tarir,

161 1806 926 92 Ma voir caſſee, & ma main impuiſſante,

108 1875 723 88 Et mon eſprit en ce mortel ſeiour

165 1938 932 98 Ne pouuant plus montrer ſigne damante:

167 2011 912 96 Prirey la Mort noircir mon plus cler iour.

1183 2048 107 92 Pour
