1341 2355
239 -3 503 73 SONNETS.

365 84 123 67 XV.

56 133 690 98 Pour le retour du Soleil honorer,

96 198 758 98 Le Zephir, l’air ſerein lui apareille:

96 270 854 85 Et du ſommeil l’eau & la terre eſueille,

102 335 750 86 Qui les gardoit l’une de murmurer,

51 400 755 94 En dous coulant, l’autre de ſe parer

92 467 830 82 De mainte fleur de couleur nompareille.

92 535 791 83 Ia les oiſeaus es arbres font merueille,

94 612 762 74 Et aus paſſans font l'ennui moderer:

53 667 769 82 Ies Nynfes ia en mile ieus s’esbatent

88 724 989 102 Au cler de Lune, & danſans l’herhe abatent:

86 800 856 77 Veus tu Zephir de ton heur me donner,

45 871 773 78 Et que par toy toute me renouuelle?

88 936 795 74 Fay mon Soleil deuers moy retourner,

84 1000 830 85 Et tu verras s’il ne me rend plus belle.

351 1073 157 61 XVI.

47 1130 891 80 Apres qu'un tems la greſle & le tonnerre

82 1199 776 74 Ont le haut mont de Caucaſe batu,

80 1263 778 69 Le beau iour vient, de lueur reuétu.

90 1328 870 75 Quand Phebus ha ſon cerne fait en terre,

43 1397 750 84 Et l’ocean il regaigne à grand erre:

80 1464 827 76 Sa ſeur ſe montre auec ſon chef pointu.

90 1526 934 85 Quand quelque tems le Parthe ha combatu,

82 1593 830 82 Il prent la fuite & ſon arc il deßerre.

39 1658 760 82 Vn tems t'ay vù & conſolé pleintif,

82 1725 671 82 Et defiant de mon feu peu hatif:

84 1797 854 73 Mais maintenant que tu m'as embraſee,

33 1856 807 79 Et ſuis au point auquel tu me voulois:

82 1921 799 90 Tu as ta flame en quelque eau arroſee,

84 1988 744 100 Et es plus froit qu'eſtre ie ne ſoulois.

822 2046 49 95 h

887 2072 51 92 4

1081 2039 150 117 Ie ſuis
