1384 2347
1237 48 27 88 5

121 264 1055 99 A M.C.D.B.L.

487 627 728 102 STANT le tems venu, Ma¬

491 711 730 96 damoiſelle, que les ſeueres

495 788 722 96 loix des hommes n’empeſ¬

491 868 728 88 chent plus les femmes de

489 940 728 98 s’apliquer aus ſciences &

499 1017 716 97 diſciplines: il me ſemble

50 1093 1169 96 que celles qui ont la commodité, doiuent

52 1167 1165 100 employer cette honneſte liberté que notre

45 1251 1168 90 ſexe ha autrefois tant deſiree, à icelles apren¬

46 1318 1167 107 dre: & montrer aus hõmes le tort qu’ils nous

46 1398 1169 102 faiſoient en nous priuant du bien & de l’hon

46 1472 1165 106 neur qui nous en pouuoit venir: Et ſi quel¬

45 1552 1164 104 cune paruient en tel degré, que de pouuoir

41 1631 1170 101 mettre ſes concepcions par eſcrit, le faire

41 1699 1162 116 ſongneuſement & non dédaigner la gloire,

39 1783 1170 104 & s’en parer pluſtot que de chaines, anneaus,

41 1856 1170 101 & ſomptueus habits: leſquels ne pouuons

46 1930 1159 117 vrayement eſtimer notres, que par vſage.

35 2008 1170 117 Mais l’honneur que la ſcience nous procu¬

763 2125 147 73 a 2

1066 2125 141 73 rera,
