1349 2359
314 15 496 75 SONNETS.

405 96 192 61 XVII.

58 135 907 106 Ie fuis la vile, & temples, & tous lieus,

119 210 874 100 Eſquels prenant plaiſir à t'ouir pleindre,

121 283 921 84 Tu peus, & non ſans force, me contreindre

119 345 801 87 De te donner ce qu'eſtimois le mieus.

66 414 911 93 Maſques, tournois, ieus me ſont ennuieus,

121 473 964 102 Et rien ſans toy de beau ne me puis peindre:

123 544 809 88 Tant que tachant à ce deſir eſteindre,

129 613 779 82 Et un nouuel obget faire à mes yeus,

76 678 808 86 Et des penſers amoureus me diſtraire,

129 739 748 96 Des bois eſpais ſui le plus ſolitaire:

127 815 818 77 Mais i’aperçoy, ayant erré maint tour,

76 874 753 93 Que ſi ie veus de toy eſtre deliure,

135 939 905 83 Il me conuient hors de moymeſme viure,

131 1008 769 88 Ou fais encor que loin ſois en ſeiour.

428 1083 236 61 XVIII.

74 1132 803 88 Baiſe m'encor, rebaiſe moy & baiſe:

137 1208 810 75 Donne m'en un de tes plus ſauoureus,

127 1273 824 85 Donne m'en un de tes plus amoureus:

135 1328 956 97 Ie t'en rendray quatre plus chaus que braiſe.

78 1401 856 89 Las, te pleins tu? ça que ce mal i’apaiſe,

135 1476 834 73 En t'en donnant dix autres doucereus.

131 1531 862 88 Ainſi meſlans nos baiſers tant heureus

131 1602 926 82 Iouiſſons nous l’un de l’autre à notre aiſe.

76 1665 791 82 Lors double vie à chacun en ſuiura.

139 1735 747 75 Chacun en ſoy & ſon ami viura.

143 1800 867 83 Permets m''Amour penſer quelque folie:

82 1867 891 81 Touſiours ſuis mal, viuant diſcrettement,

139 1946 799 57 Et ne me puis donner contentement,

137 1995 799 108 Si hors de moy ne fay quelque ſaillie.

1134 2046 128 88 Diane
