1341 2355
235 11 495 55 SONNETS.

1187 33 104 80 121

396 82 177 59 XIX.

41 129 763 98 Diane eſtant en l’eſpeſſeur d’un bois,

82 204 726 88 Apres auoir mainte beste aſſenee,

74 272 797 83 Prenoit le frais, de Nynfes couronnee:

76 339 780 82 I'allois reſuant comme fay maintefois,

39 404 767 80 Sans y penſer: quand i’ouy une vois,

78 467 744 90 Qui m'apela, diſant, Nynfe eſtonnee,

72 543 756 67 Que ne t'es tu vers Diane tournee?

70 602 862 82 Et me voyant ſans arc & ſans carquois,

43 671 836 80 Qu'as tu trouué, o compagne, en ta voye,

72 735 874 87 Qui de ton arc & fleſches ait fait proye?

66 798 786 83 Ie m'animay, reſpons ie, à un paſſant,

33 867 821 84 Et lui getay en vain toutes mes fleſches

64 938 817 76 Et l'arc apres: mais lui les ramaſſant

62 994 898 93 Et les tirant me fit cent & cent breſches.

386 1073 126 59 XX.

29 1124 758 82 Predit me fut, que deuoit fermement

56 1195 756 78 Vn iour aymer celui dont la figure

62 1257 837 85 Me fut deſcrite: & ſans autre peinture

60 1336 796 73 Le reconnu quand vy premierement:

23 1389 685 86 Puis le voyant aymer fatalement,

60 1458 723 80 Pitié ie pris de ſa triste auenture:

58 1520 711 79 Et tellement ie forçay ma nature,

60 1585 847 87 Qu'autant que lui aymay ardentement.

25 1650 886 90 Qui n'uſt pensé qu’en faueur deuoit croitre

56 1721 847 86 Ce que le Ciel & destins firent naitre?

56 1783 807 93 Mais quand ie voy ſi nubileus aprets,

17 1846 809 92 Vents ſi cruels & tant horrible orage:

54 1915 827 84 Ie croy qu’eſtoient les infernaus arrets,

56 1980 878 119 Qui de ſi loin m'ourdiſſoient ce naufrage.

769 2070 108 82 h 5

1028 2054 148 108 Quelle
