1349 2359
23 -1 114 132 122

363 -5 517 111 SONNETS.

513 112 169 55 XXI.

114 153 936 100 Quelle grandeur rend l’homme venerable?

169 220 900 102 Quelle groſſeur? quel poil? quelle couleur?

173 290 772 97 Qui eſt des yeus le plus emmieleur?

175 353 822 91 Qui fait plus tot une playe incurable?

117 414 960 106 Quel chant eſt plus à l’homme conuenable?

175 487 904 98 Qui plus penetre en chantant ſa douleur?

175 560 831 88 Qui un dous lut fait encore meilleur?

175 619 719 96 Quel naturel eſt le plus amiable?

112 686 763 90 Ie ne voudrois le dire aſſurément,

176 752 836 97 Ayant Amour forcé mon iugement:

175 819 879 89 Mais ie ſay bien & de tant ie m'aſſure,

123 884 915 94 Que tout le beau que lon pourroit choiſir,

175 951 845 86 Et que tout l’art qui ayde la Nature,

178 1018 803 84 Ne me ſauroient acroitre mon deſir.

511 1100 210 63 XXII.

119 1146 842 90 Luiſant Soleil, que tu es bien heureus,

176 1220 824 81 De voir touſiours de t'Amie la face:

175 1281 825 91 Et toy, ſa ſeur, qu’Endimion embraſſe,

178 1354 722 69 Tant te repais de miel amoureus.

123 1423 872 71 Mars voit Venus: Mercure auentureus

186 1476 864 82 De Ciel en Ciel, de lieu en lieu ſe glaſſe:

182 1553 807 74 Et Iupiter remarque en mainte place

182 1611 911 89 Ses premiers ans plus gays & chaleureus.

127 1680 795 79 Voilà du Ciel la puiſſante harmonie,

194 1743 767 89 Qui les eſprits diuins enſemble lie:

190 1800 942 95 Mais s'ils auoient ce qu’ils ayment lointein,

131 1877 814 80 Leur harmonie & ordre irreuocable

190 1946 740 74 Se tourneroit en erreur variable,

194 2011 858 90 Et comme moy trauailleroient en vain.

1219 2068 90 94 Las,
