1341 2355
1172 25 90 67 183

251 -3 512 79 SONNETS.

365 51 263 76 XXIII.

58 121 768 98 Las! que me ſert, que ſi parfaitement

94 188 669 82 Louas iadis & ma treſſe doree,

92 259 738 74 Et de mes yeus la beauté comparee

92 319 846 87 A deus Soleils, dont Amour finement

51 380 824 94 Tira les trets cauſez de ton tourment?

90 445 813 94 Ou eſtes vous, pleurs de peu de duree?

90 520 803 80 Et Mort par qui deuoit eſtre honoree

84 592 772 69 Ta ferme amour & iteré ſerment?

45 645 756 90 Donques c'eſtoit le but de ta malice

84 718 781 70 De m’aſſeruir ſous ombre de ſeruice?

84 783 719 80 Pardonne moy, Ami, à cette fois,

43 849 756 81 Eſtant outree & de deſpit & d’ire:

84 914 897 86 Mais ie m'aſſure, quelque part que tu ſois,

88 987 889 82 Qu'autant que moy tu ſoufres de martire.

378 1049 264 77 XXIIII.

39 1108 714 89 Ne reprenez, Dames, ſi i’ay aymé:

78 1181 717 75 Si t’ay ſenti mile torches ardentes,

78 1246 842 74 Mile trauaus, mile douleurs mordentes:

80 1314 831 77 Si en pleurant, i’ay mon tems conſumé,

39 1389 903 73 Ias que mon nom n'en ſoit par vous blamé.

80 1442 787 86 Si i’ay failli, les peines ſont preſentes,

76 1522 864 71 N’aigriſſez point leurs pointes violentes:

78 1575 884 85 Mais eſtimez qu'Amour, a point nommé,

37 1642 846 77 Sans votre ardeur d’un Vulcan excuſer,

78 1707 687 80 Sans la beauté d’Adonis acuſer,

80 1774 1007 80 Pourra, s’il veut, plus vous rendre amoureuſes:

37 1842 720 73 En ayant moins que moy d’ocaſion,

78 1905 738 92 Et plus d’eſtrange & forte paßion.

80 1968 897 94 Et gardez vous d’eſtre plus malheureuſes.

117 2062 974 77 FIN DES EVVRES DE LOVÏZE

274 2129 644 80 LABE' LIONNOIZE.
