1405 2338
89 0 49 101 4

136 72 1185 107 rera, ſera entierement notre: & ne nous

146 150 1177 101 pourra eſtre oté, ne par fineſſe de larron, ne

136 233 1185 96 force d’ennemis, ne longueur du tems.

146 296 1177 107 Si i’euſſe eſté tãt fauoriſee des Cieus, que d’a¬

148 383 1184 104 uoir l’eſprit grand aſſez pour comprendre ce

151 459 1179 96 dont il ha ù enuie, ie ſeruirois en cet endroit

151 535 1181 109 plus d’exemple que d’amonicion, Mais ayãt

155 613 1179 109 paſsé partie de ma ieuneſſe à l’exercice de la

157 693 1177 107 Muſique, & ce qui m’a reſté de tems l’ayant

153 777 1179 95 trouué court pour la rudeſſe de mon enten¬

159 845 1173 103 dement, & ne pouuant de moymeſme ſatiſ¬

161 927 1173 103 faire au bon vouloir que ie porte à notre ſe¬

163 1005 1175 95 xe, de le voir non en beauté ſeulement, mais

163 1079 1175 103 en ſcience & vertu paſſer ou egaler les hom¬

165 1157 1177 111 mes: ie ne puis faire autre choſe que prier

167 1233 1175 103 les vertueuſes Dames d’eſleuer vn peu leurs

169 1309 1173 107 eſprits par deſſus leurs quenoilles & fuſeaus,

169 1387 1177 113 & s’employer à faire entendre au monde

173 1472 1175 104 que ſi nous ne ſommes faites pour comman

173 1543 1175 103 der, ſi ne deuõs nous eſtre deſdaignees pour

177 1626 1173 108 compagnes tant es afaires domeſtiques que

183 1695 1171 116 publiques, de ceus qui gouuernent & ſe font

175 1772 1179 113 obeïr. Et outre la reputacion que notre ſexe

179 1854 1175 107 en receura nous aurons valù au publiq, que

179 1924 1173 113 les hommes mettront plus de peine & d’e¬

179 1998 1179 127 ſtude aus ſciences vertueuſes, de peur qu’ils

1147 2088 215 94 n’ayent
