1384 2347
74 82 1176 105 n’ayent honte de voir preceder celles, deſ¬

80 162 1163 102 quelles ils ont pretendu eſtre touſiours ſupe¬

80 242 1165 92 rieurs quaſi en tout. Pource, nous faut il ani¬

74 318 1171 98 mer l’une l’autre à ſi louable entrepriſe: De

72 398 1167 94 laquelle ne deuez eſlongner ny eſpargner

74 475 1165 98 votre eſprit, ià de pluſieurs & diuerſes graces

72 559 1163 88 acompagné: ny votre ieuneſſe, & autres fa¬

70 629 1167 94 ueurs de fortune, pour aquerir cet honneur

74 704 1161 95 que les lettres & ſciences ont acoutumé por¬

70 786 1169 90 ter aus perſonnes qui les ſuyuent. S’il y ha

68 860 1167 92 quelque choſe recommandable apres la gloi¬

66 936 1167 84 re & l’honneur, le plaiſir que l’eſtude des let¬

66 1013 1165 80 tres ha acoutumé donner nous y doit cha¬

72 1095 1157 82 cune inciter: qui eſt autre que les autres re¬

68 1165 1161 90 creations: deſquelles quand on en ha pris

68 1247 1161 81 tant que lon veut, on ne ſe peut vanter d’au¬

62 1320 1169 88 tre choſe, que d’auoir paſsé le tems. Mais

62 1398 1169 86 celle de l’eſtude laiſſe vn contentement de

62 1474 1161 92 ſoy, qui nous demeure plus longuement.

64 1549 1165 93 Car le paſsé nous reſiouit, & ſert plus que le

66 1629 1157 90 preſent: mais les plaiſirs des ſentimens ſe per¬

60 1703 1163 92 dent incontinent, & ne reuiennent iamais,

58 1781 1169 88 & en eſt quelquefois la memoire autant fa¬

58 1856 1163 82 cheuſe, cõme les actes ont eſté delectables.

52 1932 1163 96 Dauantage les autres voluptez ſont telles,

64 2010 1155 104 que quelque ſouuenir qui en vienne, ſi ne

790 2114 118 70 a 3

1066 2096 155 92 nous
