1405 2338
140 66 1181 91 nous peut il remettre en telle diſpoſicion

138 157 1183 78 que nous eſtions: & quelque imaginacion

136 226 1181 85 forte que nous imprimions en la teſte, ſi

142 301 1177 90 connoiſſons nous bien que ce n’eſt qu’une

146 379 1173 88 ombre du paſsé qui nous abuſe & trompe.

148 455 1177 94 Mais quand il auient que mettons par eſcrit

144 535 1181 92 nos concepcions, combien que puis apres

146 611 1183 92 notre cerueau coure par vne infinité d’afai¬

146 687 1169 94 res & inceſſamment remue, ſi eſt ce que long

146 769 1181 78 tems apres reprenans nos eſcrits, nous reue¬

146 839 1183 90 nons au meſme point, & à la meſme diſpoſi¬

150 919 1182 84 cion ou nous eſtions. Lors nous redouble

153 995 1179 88 notre aiſe: car nous retrouuons le plaiſir paſsé

157 1077 1175 90 qu’auons ù ou en la matiere dont eſcriuions,

159 1149 1175 88 ou en l’intelligẽce des ſciences ou lors eſtiõs

153 1225 1183 90 adonnez. Et outre ce, le iugement que font

157 1307 1175 91 nos ſecondes concepcions des premieres,

153 1391 1181 83 nous rend vn ſingulier contentement. Ces

155 1461 1174 95 deus biens qui prouiennent d’eſcrire vous y

159 1537 1170 93 doiuent inciter, eſtant aſſeuree que le pre¬

157 1615 1175 89 mier ne faudra d’acõpagner vos eſcrits, com¬

161 1691 1173 95 me il fait tous vos autres actes & façons de

163 1765 1173 91 viure. Le ſecond ſera en vous de le prendre,

163 1845 1173 99 ou ne l’auoir point: ainſi que ce dont vous

161 1921 1177 103 eſcrirez vous contentera. Quant à moy tant

159 1997 1175 113 en eſcriuant premierement ces ieuneſſes que

1167 2078 167 74 en les
