1384 2343
68 62 1171 105 en les reuoyant depuis, ie n’y cherchois au¬

72 148 1169 101 tre choſe qu’un hõneſte paſſetems & moyen

70 218 1171 102 de fuir oiſiueté: & n’auois point intencion

74 298 1161 96 que perſonne que moy les duſt iamais voir.

68 376 1171 102 Mais depuis que quelcuns de mes amis ont

72 449 1169 101 trouué moyen de les lire ſans que i’en ſuſſe

70 534 1169 94 rien, & que (ainſi comme aisément nous

70 607 1169 101 croyons ceus qui nous louent) ils m’ont fait

76 685 1163 88 à croire que les deuois mettre en lumiere: ie

68 757 1169 100 ne les ay osé eſconduire, les menaſſant ce

76 833 1163 100 pendant de leur faire boire la moitié de la

68 919 1167 98 honte qui en prouiendroit. Et pource que

70 991 1161 90 les femmes ne ſe montrent volontiers en pu¬

74 1069 1161 94 bliq ſeules, ie vous ay choiſie pour me ſeruir

70 1153 1165 92 de guide, vous dediant ce petit euure, que ne

76 1230 1159 89 vous enuoye à autre fin que pour vous acer¬

72 1308 1163 86 tener du bon vouloir lequel de long tems ie

72 1384 1163 86 vous porte, & vous inciter & faire venir en¬

72 1462 1167 78 uie en voyant ce mien euure rude & mal

109 1540 1095 78 bati, d’en mettre en lumiere vn autre qui

152 1612 997 90 ſoit mieus limé & de meilleure grace.

216 1688 870 86 Dieu vous maintienne en ſanté.

330 1765 633 85 De Lion ce 24. Iuillet

566 1856 147 90 1555.

197 1917 907 107 Votre humble amie Louïze Labé.

969 2100 153 73 a 4
