1405 2340
411 83 260 71 FOLIE,

44 148 326 87 Les Perſonnes

768 72 320 97 AMOVR,

405 159 276 69 VENVS,

770 177 359 72 IVPITER,

398 246 753 93 APOLON, MERCVRE.

308 347 884 150 DISCOVRS I.

562 671 362 71 FOLIE.

604 766 715 92 Ce que ie voy, ie ſeray la

597 838 716 94 derniere au feſtin de Iupi¬

601 912 712 107 ter, ou ie croy que lon m’at¬

599 1006 712 91 tent. Mais ie voy, ce me

591 1076 724 99 ſemble, le fils de Venus, qui

591 1160 722 84 y va auſſi tart que moy. Il

136 1226 1173 96 faut que ie le paſſe: à fin que lon ne m’a¬

142 1296 716 100 pelle tardiue & pareſſeuſe.

204 1368 1103 119 AMOVR Qui eſt cette fole qui me pouſ¬

134 1456 1177 107 ſe ſi rudement? quelle grande háte la preſſe?

134 1540 1177 99 ſi ie t’uſſe aperçue, ie t’uſſe bien gardé de

142 1614 191 94 paſſer.

199 1682 1106 98 FOLIE Tu ne m'uſſes pù empeſcher,

136 1762 1167 86 eſtant ſi ieune & foible. Mais à Dieu te com¬

138 1852 1171 107 mand', ie vois deuant dire que tu viens tout

138 1922 205 113 à loiſir.

199 2010 1112 96 AM. Il n’en ira pas ainſi: car auant que tu

1094 2082 221 90 m’eſcha
