1384 2343
193 0 891 72 DE FOLIE ET D'AMOVR.

54 66 1169 105 m’eſchapes, ie te donneray à connoitre que

56 150 723 90 tu ne dois atacher à moy.

111 220 1112 94 FOL. Laiſſe moy aller, ne m’arreſte point:

56 298 1171 98 car ce te ſera honte de quereler auec vne

54 372 1175 104 femme. Et ſi tu m’eſchaufes vne fois, tu

52 462 534 90 n’auras du meilleur.

121 527 1108 95 AM. Quelles menaſſes ſont ce cy? ie n’ay

66 605 1163 103 trouué encore perſonne qui m’ait menaſsé

68 691 381 99 que cette fole.

111 757 1120 94 FOL. Tu montres bien ton indiſcrecion,

60 837 1173 98 de prendre en mal ce que ie t’ay fait par ieu:

64 917 1177 94 & te meſconnois bien toymeſme, trouuant

64 987 1175 102 mauuais que ie penſe auoir du meilleur ſi tu

70 1069 1169 88 t’adreſſes à moy. Ne vois tu pas que tu n’es

74 1144 1167 91 qu’vn ieune garſonneau? de ſi foible taille

76 1222 1161 97 que quand i’aurois vn bras lié, ſi ne te crein¬

70 1317 410 84 drois ie gueres.

125 1378 733 92 AM. Me connois tu bien?

132 1454 966 90 FOL. Tu es Amour, fils de Venus.

132 1534 1115 80 AM. Comment donques fais tu tant la

76 1612 1169 94 braue aupres de moy, qui, quelque petit que

76 1690 1173 80 tu me voyes, ſuis le plus creint & redouté

74 1768 1173 77 entre les Dieus & les hommes? & toy fem¬

78 1847 1173 87 me inconnue, oſes tu te faire plus grande

78 1923 1171 86 que moy? ta ieuneſſe, ton ſexe, ta façon de

78 1997 1169 105 faire te demẽtent aſſez: mais plus ton igno¬

1057 2085 192 84 rance,
