1405 2351
558 -5 406 65 DEBAT

170 60 1172 110 rance, qui ne te permet connoitre, le grand

172 141 517 86 degré que ie tiens.

231 213 1105 106 FOL. Tu trionfes de dire. Ce n’eſt à moy

172 287 1166 110 à qui tu dois vendre tes coquilles. Mais di

168 374 1170 107 moy, quel eſt ce grand pouuoir dont tu te

174 460 215 67 vantes?

229 527 1107 96 AM. Le ciel & la terre en rendent témoi¬

174 601 1158 114 gnage. il n’y ha lieu ou n’aye laiſsé quelque

162 683 1172 96 trofee. Regarde au ciel tous les ſieges des

160 758 1170 98 Dieus, & t’interrogue ſi quelcun d’entre eus

164 836 1164 94 s’eſt pù eſchaper de mes mains. Commence

156 918 1170 102 au vieil Saturne, Iupiter, Mars, Apolon, &

154 991 1174 94 finiz aus Demidieus, Satires, Faunes & Sil¬

152 1069 1176 94 uains. Et n’auront honte les Deeſſes d’en

152 1146 1168 103 confeſſer quelque choſe. Et ne m’a Pallas eſ¬

148 1228 1174 92 pouenté de ſon bouclier: mais ne l’ay voulu

150 1306 1168 100 interrompre de ſes ſutils ouurages, ou iour

148 1391 1170 92 & nuit elle s’employe. Baiſſe toy en terre, &

143 1459 1169 102 di ſi tu trouueras gens de marque, qui ne

139 1537 1177 102 ſoient ou ayent eſté des miens. Voy en la

141 1624 1171 90 furieuſe mer, Neptune & ſes Tritons, me

146 1694 1161 92 preſtans obeïſſance. Penſes tu que les infer¬

137 1773 1171 96 naus s’en exemptent? ne les áy ie fait ſortir

135 1849 1168 94 de leurs abimes, & venir eſpouenter les hu¬

135 1925 1166 98 mains, & rauir les filles à leurs meres: quel¬

145 2004 1158 117 ques iuges qu’ils ſoient de telz forfaits &

1132 2096 165 111 tranſg
