1384 2343
189 -3 489 79 DE FOLIE ET

50 46 1165 119 tranſgreſſions faites contre les loix? Et à fin

56 138 1154 98 que tu ne doutes auec quelles armes ie fay

58 206 1159 112 tant de proueſſes, voila mon Arc ſeul &

56 292 1161 102 mes fleſches, qui m’ont fait toutes ces con¬

62 367 1159 105 queſtes. Ie n’ay beſoin de Vulcan qui me

62 441 1165 105 forge de foudres, armet, eſcu & glaiue. Ie ne

68 521 1151 105 ſuis acompagné de Furies, Harpies & tour¬

62 599 1165 98 menteurs de monde, pour me faire creindre

68 671 1157 100 auant le combat. Ie n’ay que faire de cha¬

62 749 1175 102 riots, ſoudars, hommes darmes & grandes

70 829 1163 106 troupes de gens: ſans leſquelles les hommes

64 904 1171 99 ne trionferoient la bas, eſtant d’eus ſi peu de

70 978 1171 111 choſe, qu’vn ſeul (quelque fort qu’il ſoit &

78 1060 1155 101 puiſſant) eſt bien empeſché alencontre de

72 1142 1159 88 deus. Mais ie n’ay autres armes, conſeil, mu¬

68 1216 1163 101 nicion, ayde, que moymeſme. Quand ie voy

70 1300 1165 86 les ennemis en campagne, ie me preſente

72 1370 1165 90 auec mon Arc: & laſchant vne fleſche les

74 1448 1165 92 mets incontinent en route: & eſt auſſi tot la

76 1530 1059 94 victoire gaignee, que la bataille donnee.

132 1608 1103 88 FOL. I’excuſe vn peu ta ieuneſſe, autre¬

76 1683 1167 87 ment ie te pourrois à bon droit nommer le

82 1755 1159 101 plus preſomptueus fol du monde. Il ſemble¬

78 1839 1173 80 roit à t’ouir que chacun tienne ſa vie de ta

80 1915 1173 86 merci: & que tu ſois le vray Signeur & ſeul

82 1989 1172 109 ſouuerein tant en ciel qu’en terre. Tu t'es

1135 2065 123 90 mal
