1405 2373
569 1 390 66 DEBAT

156 61 1179 114 mal adreſsé pour me faire croire le contraire

160 154 459 87 de ce que ie ſay.

227 219 1110 107 AMOVR C’eſt vne eſtrange façon de

154 304 1023 99 me nier tout ce que chacun confeſſe.

223 381 1110 101 FOL. Ie n’ay afaire du iugement des au¬

160 458 1177 93 tres: mais quant à moy, ie ne ſuis ſi aiſee à

158 537 1173 103 tromper. Me penſes tu de ſi peu d’entende¬

156 618 1179 95 ment, que ie ne connoiſſe à ton port, & à

154 700 1181 94 tes contenances, quel ſens tu peus auoir? &

154 767 1175 105 me feras tu paſſer deuant les yeus, qu’un eſ¬

162 848 1165 101 prit leger comme le tien, & ton corps ieu¬

154 925 1173 101 ne & flouet, ſoit dine de telle ſigneurie, puiſ¬

148 1004 1183 97 ſance & autorité, que tu t’atribues? & ſi

152 1083 1179 101 quelques auentures eſtranges, qui te ſont

152 1162 1175 97 auenues, te deçoiuent, n’eſtime pas que ie

148 1233 1181 89 tombe en ſemblable erreur, ſachant tresbien

150 1318 1179 93 que ce n’eſt par ta force & vertu, que tant de

148 1394 1175 85 miracles ſoient auenuz au monde: mais par

148 1469 1171 97 mon induſtrie, par mon moyen & diligence:

146 1548 1177 95 combien que tu ne me connoiſſes. Mais ſi tu

146 1637 1177 83 veus vn peu tenir moyen en ton courrous, ie

144 1706 1173 93 te feray connoitre en peu d’heure ton arc,

138 1775 1185 101 & tes fleſches, ou tant tu te glorifies, eſtre

148 1856 1167 97 plus molz que paſte, ſi ie n’ay bandé l’arc,

142 1937 839 95 & trempé le fer de tes fleſches.

203 2017 1114 102 AM. Ie croy que tu veus me faire perdre

1131 2096 188 110 pacien
