1384 2328
157 3 753 62 DE FOLIE ET D'AMO

48 54 1153 112 pacience. Ie ne ſache iamais que perſonne

40 145 1153 87 ait manié mon arc, que moy: & tu me veus

40 215 1151 99 faire à croire, que ſans toy ie n’en pourrois

40 289 1153 102 faire aucun effort. Mais puis qu’ainſi eſt que

40 368 1153 97 tu l’eſtimes ſi peu, tu en feras tout à cette

40 463 431 87 heure la preuue.

166 527 889 101 Folie ſe fait inuiſible, tellement, qu'Amour

413 607 388 79 ne la peut aſſener.

100 679 1097 85 AM. Mais qu’es tu deuenue? comment

48 758 1143 89 m’es tu eſchapee? Ou ie n’ay sù t’ofenſer,

46 838 1147 87 pour ne te voir, ou contre toy ſeule ha re¬

46 909 1149 86 bouché ma fleſche: qui eſt biẽ le plus eſtran¬

46 989 1161 91 ge cas qui iamais m’auint. Ie penſois eſtre

46 1065 1151 83 ſeul d’entre les Dieus, qui me rendiſſe inui¬

46 1142 1153 86 ſible à eus meſmes quand bon me ſembloit:

48 1224 1155 83 Et maintenant ay trouué qui m’a esbloui les

46 1297 1155 90 yeus. Aumoins di moy, quiconque ſois, ſi

46 1375 1161 89 à l’auenture ma fleſche t’a frapee, & ſi elle

46 1445 264 87 ta bleſſee.

98 1522 1111 92 FOL. Ne t’auois ie bien dit, que ton arc

44 1596 1165 103 & tes fleſches n’ont effort, que quand ie ſuis

42 1678 1171 95 de la partie. Et pourautant qu’il ne m’a plu

42 1757 1173 84 d’eſtre nauree, ton coup ha eſté ſans effort. Et

42 1831 1175 99 ne t’esbahis ſi tu m’as perdue de vuë, car quãd

42 1901 1177 104 bon me ſemble, il n’y ha œil d’Aigle, ou de

46 1986 1171 111 ſerpẽt Epidaurien, qui me ſache aperceuoir.

1135 2069 91 129 Et
