1405 2357
587 1 391 52 DEBAT

184 54 1158 99 Et ne plus ne moins que le Cameleon, ie

192 135 1148 90 pren quelquefois la ſemblance de ceus au¬

188 208 572 100 pres deſquelz ie ſuis.

247 292 1093 87 AM. A ce que ie voy, tu dois eſtre quel¬

186 371 1160 86 que ſorciere ou enchantereſſe. Es tu point

190 445 1152 91 quelque Circe, ou Medee, ou quelque Fée?

245 526 1095 94 FOL. Tu m’outrages touſiours de paro¬

178 601 1164 90 les: & n’a tenu à toy que ne l’aye eſté de fait.

178 679 1162 87 Ie ſuis Deeſſe, comme tu es Dieu: mon nom

172 758 1168 96 eſt Folie. Ie ſuis celle qui te fay grand, &

174 834 1160 95 abaiſſe à mon plaiſir. Tu laſches l’arc, & get¬

176 915 1162 82 tes les fleſches en l’air: mais ie les aſſois aus

172 995 1166 91 cœurs que ie veus. Quand tu te penſes plus

182 1070 1152 94 grand qu’il eſt poſſible d’eſtre, lors par quel¬

174 1152 1164 91 que petit deſpit ie te renge & remets auec le

172 1225 1164 83 vulgaire. Tu t’adreſſes contre Iupiter: mais

167 1300 1171 94 il eſt ſi puiſſant, & grand, que ſi ie ne dreſſois

170 1382 1170 83 ta main, ſi ie n’auois bien trempé ta fleſche,

167 1461 1171 84 tu n’aurois aucun pouuoir ſur lui. Et quand

167 1534 1165 96 toy ſeul ferois aymer, quelle ſeroit ta gloire

161 1612 1177 92 ſi ie ne faiſois paroitre cet amour par mille

159 1691 1177 90 inuencions? Tu as fait aymer Iupiter: mais

159 1763 1175 91 ie l’ay fait trãſmuer en Cigne, en Taureau, en

159 1846 1177 86 Or, en Aigle: en danger des plumaſſiers, des

163 1920 1165 99 loups, des larrons, & chaſſeurs. Qui fit pren¬

163 1999 1167 120 dre Mars au piege auec ta mere, ſi non moy,

1234 2076 100 98 qui
