1364 2328
225 -5 803 72 DE FOLIE ET D'AMOVR.

1214 3 45 107 17

62 73 1166 91 qui l’auois rendu ſi mal auiſé, que venir faire

56 133 1160 111 un poure mari cocu dedens ſon lit meſme?

58 226 1156 96 Qu’uſt ce eſté, ſi Paris n’uſt fait autre choſe,

54 304 1168 97 qu’aymer Heleine? Il eſtoit à Troye, l’autre

54 384 1160 93 à Sparte: ils n’auoient garde d’eus aſſembler.

52 459 1162 97 Ne lui fis ie dreſſer une armee de mer, aller

52 533 1160 95 chez Menelas, faire la court à ſa femme,

46 611 1162 99 I’emmener par force, & puis defendre ſa que¬

50 688 1164 89 rele iniuſte contre toute la Grece? Qui uſt

54 762 1164 99 parlé des Amours de Dido, ſi elle n’uſt fait

46 836 1168 101 ſemblant d’aller à la chaſſe pour auoir la

50 915 1160 97 commodité de parler à Enee ſeule à ſeul, &

44 993 1168 101 lui montrer telle priuauté, qu’il ne deuoit

42 1070 1166 97 auoir honte de prendre ce que volontiers

44 1142 1164 97 elle uſt donné, ſi à la fin n’uſt couronné ſon

42 1224 1166 95 amour d’une miſerable mort? On n’uſt

42 1297 1164 105 non plus parlé d’elle, que de mile autres

40 1373 1164 103 hoteſſes, qui font plaiſir aus paſſans. Ie croy

44 1458 1162 90 qu’aucune mencion ne ſeroit d’Artemiſe, ſi

38 1524 1168 105 ie ne lui uſſe fait boire les cendres de ſon

40 1600 1168 107 mari. Car qui uſt sù ſi ſon affeccion uſt paſsé

40 1678 1161 104 celle des autres femmes, qui ont aymé, & re¬

46 1753 1156 109 gretté leurs maris & leurs amis? Les effets

38 1829 1161 109 & iſſues des choſes les font louer ou meſpri¬

38 1903 1166 112 ſer. Si tu fais aymer, i’en ſuis cauſe le plus

38 1978 1163 136 ſouuent. Mais ſi quelque eſtrange auenture,

915 2068 35 81 b

1119 2085 85 87 ou
