<?xml version="1.0" encoding="UTF-8"?>
<alto xmlns:xsi="http://www.w3.org/2001/XMLSchema-instance"
      xmlns="http://www.loc.gov/standards/alto/ns-v4#"
      xsi:schemaLocation="http://www.loc.gov/standards/alto/ns-v4# http://www.loc.gov/standards/alto/v4/alto-4-2.xsd">
  <Description>
    <MeasurementUnit>pixel</MeasurementUnit>
    <sourceImageInformation>
      <fileName>28.jpg</fileName>
      
    </sourceImageInformation>
  </Description>
  
  <Tags>
    <OtherTag ID="BT4319" LABEL="RunningTitleZone" DESCRIPTION="block type RunningTitleZone"/><OtherTag ID="BT4318" LABEL="QuireMarksZone" DESCRIPTION="block type QuireMarksZone"/><OtherTag ID="BT4317" LABEL="NumberingZone" DESCRIPTION="block type NumberingZone"/><OtherTag ID="BT4316" LABEL="MarginTextZone" DESCRIPTION="block type MarginTextZone"/><OtherTag ID="BT4315" LABEL="MainZone" DESCRIPTION="block type MainZone"/><OtherTag ID="BT4314" LABEL="GraphicZone" DESCRIPTION="block type GraphicZone"/><OtherTag ID="BT4313" LABEL="DropCapitalZone" DESCRIPTION="block type DropCapitalZone"/><OtherTag ID="BT4321" LABEL="TitlePageZone" DESCRIPTION="block type TitlePageZone"/><OtherTag ID="BT4320" LABEL="StampZone" DESCRIPTION="block type StampZone"/>
    <OtherTag ID="LT1422" LABEL="DefaultLine" DESCRIPTION="line type DefaultLine"/><OtherTag ID="LT1421" LABEL="DropCapitalLine" DESCRIPTION="line type DropCapitalLine"/><OtherTag ID="LT1420" LABEL="HeadingLine" DESCRIPTION="line type HeadingLine"/>
  </Tags>
  
  <Layout>
    <Page WIDTH="1405"
          HEIGHT="2357"
          PHYSICAL_IMG_NR="27"
          ID="eSc_dummypage_">
      <PrintSpace HPOS="0"
                  VPOS="0"
                  WIDTH="1405"
                  HEIGHT="2357">
        
        <TextBlock HPOS="102"
                   VPOS="39"
                   WIDTH="68"
                   HEIGHT="53"
                   ID="eSc_textblock_8a01cf88"
                   TAGREFS="BT4317">
          <Shape><Polygon POINTS="163 39 170 92 102 92 102 39"/></Shape>
          
          
          <TextLine ID="eSc_line_9e9093d4"
                    TAGREFS="LT1422"
                    BASELINE="96 84 159 84" 
                    HPOS="94"
                    VPOS="11"
                    WIDTH="65"
                    HEIGHT="98">
            <Shape><Polygon POINTS="96 84 94 15 157 11 159 84 157 109 94 104"/></Shape>
	    <String CONTENT="18"
                    HPOS="94"
                    VPOS="11"
                    WIDTH="65"
                    HEIGHT="98"></String>
          </TextLine>

          
        </TextBlock>
        
        <TextBlock HPOS="133"
                   VPOS="95"
                   WIDTH="1206"
                   HEIGHT="2047"
                   ID="eSc_textblock_e0150060"
                   TAGREFS="BT4315">
          <Shape><Polygon POINTS="671 96 844 108 951 95 1326 125 1334 485 1302 642 1334 862 1084 877 1011 925 1092 1013 1318 1021 1334 1044 1339 2080 1254 2080 1192 2103 296 2142 149 2119 172 2017 149 1962 149 1139 180 1044 227 1005 180 1003 149 956 133 149 149 117 540 102 603 113"/></Shape>
          
          
          <TextLine ID="eSc_line_0a5dd04b"
                    TAGREFS="LT1420"
                    BASELINE="548 74 905 68" 
                    HPOS="544"
                    VPOS="-3"
                    WIDTH="361"
                    HEIGHT="85">
            <Shape><Polygon POINTS="548 74 544 0 899 -3 905 68 903 82 546 80"/></Shape>
	    <String CONTENT="DEBAT"
                    HPOS="544"
                    VPOS="-3"
                    WIDTH="361"
                    HEIGHT="85"></String>
          </TextLine>

          
          
          <TextLine ID="eSc_line_15f98a93"
                    TAGREFS="LT1422"
                    BASELINE="141 170 1308 157" 
                    HPOS="135"
                    VPOS="84"
                    WIDTH="1173"
                    HEIGHT="98">
            <Shape><Polygon POINTS="141 170 135 113 318 111 324 108 379 92 381 92 381 92 383 92 383 92 383 92 385 92 426 106 467 90 467 90 469 90 469 90 469 90 471 90 471 90 473 90 528 104 546 109 624 109 636 102 656 88 658 88 658 88 658 88 660 88 660 88 662 88 705 88 705 88 705 88 707 88 707 88 707 88 709 88 725 100 734 106 835 106 850 98 872 86 872 86 872 86 874 86 874 86 876 86 876 86 951 94 962 96 964 94 970 86 972 86 972 84 972 84 974 84 974 84 974 84 976 84 976 84 978 84 1088 84 1088 84 1088 84 1090 84 1090 84 1090 84 1092 84 1092 84 1092 86 1098 92 1108 102 1127 92 1127 92 1127 92 1129 92 1129 92 1129 92 1131 92 1131 92 1182 100 1206 90 1210 88 1210 88 1212 88 1212 88 1212 88 1214 88 1214 88 1214 88 1216 88 1216 88 1218 88 1241 100 1251 90 1251 88 1251 88 1251 88 1253 88 1253 88 1253 88 1255 88 1255 88 1257 88 1304 88 1308 157 1308 164 141 182"/></Shape>
	    <String CONTENT="ou grand effet en ſort, en celà tu n’y as rien:"
                    HPOS="135"
                    VPOS="84"
                    WIDTH="1173"
                    HEIGHT="98"></String>
          </TextLine>

          
          
          <TextLine ID="eSc_line_32f4bb17"
                    TAGREFS="LT1422"
                    BASELINE="141 249 447 245 1318 233" 
                    HPOS="137"
                    VPOS="163"
                    WIDTH="1179"
                    HEIGHT="100">
            <Shape><Polygon POINTS="139 247 139 263 1314 241 1316 231 1310 176 1236 176 1234 176 1212 163 1210 163 1208 163 1206 163 1204 163 1175 172 1163 163 1161 163 1159 163 1157 163 1072 176 1053 166 1051 166 1049 166 1047 166 1011 180 1010 180 1004 180 923 166 921 166 801 168 799 168 770 182 729 168 727 168 725 168 520 186 463 172 461 172 459 172 457 172 394 188 353 180 351 180 225 190 196 180 194 180 192 180 137 192 139 247"/></Shape>
	    <String CONTENT="mais en eſt à moy ſeule I&#x27;honneur. Tu n’as"
                    HPOS="137"
                    VPOS="163"
                    WIDTH="1179"
                    HEIGHT="100"></String>
          </TextLine>

          
          
          <TextLine ID="eSc_line_258137aa"
                    TAGREFS="LT1422"
                    BASELINE="143 329 1316 308" 
                    HPOS="137"
                    VPOS="239"
                    WIDTH="1179"
                    HEIGHT="106">
            <Shape><Polygon POINTS="143 329 137 274 180 263 182 263 182 263 184 263 349 269 365 257 365 255 365 255 367 255 367 255 369 255 369 255 369 255 371 255 597 263 609 253 609 251 609 251 611 251 611 251 611 251 613 251 613 251 613 251 674 249 675 249 675 249 780 261 958 249 960 249 960 249 960 249 962 249 990 257 1021 243 1021 243 1023 243 1023 243 1025 243 1112 243 1112 243 1112 243 1114 243 1114 243 1114 243 1116 243 1116 243 1116 245 1125 253 1190 243 1190 243 1192 243 1192 243 1192 243 1194 243 1194 243 1194 243 1196 243 1196 243 1204 251 1216 241 1216 241 1218 241 1218 241 1218 241 1220 241 1220 241 1220 241 1222 241 1222 241 1224 241 1224 241 1247 249 1294 239 1294 239 1294 239 1296 239 1296 239 1296 239 1298 239 1298 239 1300 239 1300 239 1300 239 1316 253 1316 308 1316 324 1157 328 1155 328 1155 328 1153 328 1153 328 1153 328 1151 328 1133 318 1114 328 1104 331 1104 331 1102 331 1102 331 1102 331 1100 331 1100 331 1068 328 1008 320 992 329 992 329 990 329 990 329 990 329 988 329 988 329 986 329 907 329 620 329 613 333 607 339 607 339 605 339 605 339 605 339 603 339 603 339 601 339 601 339 544 335 477 329 361 331 353 337 343 345 341 345 341 345 341 345 339 345 339 345 339 345 337 345 141 339"/></Shape>
	    <String CONTENT="rien que le cœur: le demeurant eſt gouuerné"
                    HPOS="137"
                    VPOS="239"
                    WIDTH="1179"
                    HEIGHT="106"></String>
          </TextLine>

          
          
          <TextLine ID="eSc_line_90f480a6"
                    TAGREFS="LT1422"
                    BASELINE="151 408 1314 386" 
                    HPOS="145"
                    VPOS="322"
                    WIDTH="1169"
                    HEIGHT="102">
            <Shape><Polygon POINTS="151 408 145 349 167 337 167 337 167 337 168 337 168 337 170 337 170 337 170 337 172 337 172 337 172 337 174 337 174 339 186 349 190 351 330 351 336 347 363 333 363 333 363 333 365 333 365 333 365 333 465 331 467 331 467 331 469 331 469 331 469 331 495 343 499 347 565 347 569 343 583 331 583 329 583 329 585 329 585 329 587 329 587 329 587 329 589 329 756 341 780 341 782 339 809 326 809 326 809 326 811 326 811 326 811 326 888 324 890 324 890 324 958 333 1063 326 1065 326 1065 326 1065 326 1067 326 1067 326 1088 335 1102 324 1102 322 1102 322 1104 322 1104 322 1106 322 1106 322 1106 322 1108 322 1108 322 1108 322 1110 322 1149 333 1259 322 1259 322 1261 322 1261 322 1261 322 1310 333 1314 386 1314 398 1033 398 1027 400 1011 408 1011 408 1011 408 1010 408 1010 408 1008 408 1008 408 1008 408 1006 408 982 402 976 400 974 402 966 410 966 410 964 410 964 410 964 410 962 410 962 410 962 410 960 410 866 404 843 402 829 404 774 414 774 414 774 414 772 414 615 406 585 406 577 408 528 418 528 418 528 418 526 418 526 418 526 418 481 408 475 408 465 408 361 422 361 422 359 422 359 422 275 412 249 424 249 424 249 424 247 424 247 424 245 424 245 424 149 412"/></Shape>
	    <String CONTENT="par moy. Tu ne ſcez quel moyen faut tenir."
                    HPOS="145"
                    VPOS="322"
                    WIDTH="1169"
                    HEIGHT="102"></String>
          </TextLine>

          
          
          <TextLine ID="eSc_line_573623d0"
                    TAGREFS="LT1422"
                    BASELINE="147 485 1316 463" 
                    HPOS="141"
                    VPOS="396"
                    WIDTH="1175"
                    HEIGHT="106">
            <Shape><Polygon POINTS="147 485 141 434 332 430 379 408 379 408 381 408 381 408 383 408 383 408 383 408 385 408 440 426 457 408 457 408 457 406 457 406 459 406 459 406 461 406 461 406 461 406 463 406 736 420 766 402 768 402 768 402 770 402 770 402 770 402 844 400 846 400 846 400 848 400 848 400 848 400 850 400 864 410 882 398 884 398 884 398 886 398 886 398 886 398 888 398 888 398 888 398 890 398 923 408 1000 396 1000 396 1002 396 1002 396 1002 396 1004 396 1068 414 1114 402 1116 402 1116 402 1118 402 1118 402 1198 410 1218 396 1218 396 1220 396 1220 396 1222 396 1222 396 1222 396 1224 396 1224 396 1226 396 1226 396 1226 396 1228 396 1228 396 1228 398 1241 412 1312 412 1316 463 1316 471 1236 483 1236 483 1234 483 1129 475 1116 475 1114 475 1100 487 1100 487 1098 487 1098 487 1098 487 1096 487 1096 487 1096 487 1094 487 980 479 978 479 978 479 955 489 955 489 953 489 953 489 953 489 951 489 860 481 837 479 813 481 727 493 727 493 725 493 636 485 613 483 611 485 601 493 601 494 601 494 599 494 599 494 599 494 597 494 597 494 595 494 595 494 512 487 485 485 467 487 412 498 412 498 412 498 410 498 410 498 408 498 379 489 367 487 341 491 251 502 251 502 249 502 145 493"/></Shape>
	    <String CONTENT="Et pour te declarer qu’il faut faire pour com"
                    HPOS="141"
                    VPOS="396"
                    WIDTH="1175"
                    HEIGHT="106"></String>
          </TextLine>

          
          
          <TextLine ID="eSc_line_4da9692b"
                    TAGREFS="LT1422"
                    BASELINE="157 563 1273 542" 
                    HPOS="155"
                    VPOS="471"
                    WIDTH="1118"
                    HEIGHT="110">
            <Shape><Polygon POINTS="157 563 155 498 526 498 538 489 538 489 538 487 538 487 540 487 540 487 540 487 542 487 542 487 544 487 544 487 556 487 595 493 611 487 618 483 618 483 620 483 620 483 620 483 622 483 654 485 748 494 768 483 772 479 774 479 774 479 774 479 776 479 776 479 776 479 778 479 778 479 799 481 862 493 880 479 884 477 886 477 886 477 886 477 888 477 888 477 890 477 890 477 890 477 892 477 899 479 923 487 941 479 945 477 945 477 945 477 947 477 947 477 949 477 949 477 949 477 951 477 951 477 951 477 953 479 974 489 1013 477 1013 477 1015 477 1015 477 1015 477 1017 477 1017 477 1019 477 1019 477 1063 489 1153 489 1184 473 1184 473 1184 473 1186 473 1186 473 1186 473 1188 473 1188 473 1188 473 1190 473 1190 473 1190 473 1216 485 1265 471 1273 542 1271 549 882 565 880 565 880 565 858 561 829 557 807 563 795 567 793 567 793 567 793 567 791 567 791 567 764 565 715 559 705 567 703 569 703 569 701 569 701 569 701 569 699 569 699 569 699 569 697 569 644 567 485 563 461 573 461 573 461 573 459 573 459 573 459 573 457 573 457 573 457 573 455 573 414 565 359 577 351 577 351 577 351 577 349 577 349 577 341 577 286 567 157 581"/></Shape>
	    <String CONTENT="plaire, ie te meine &amp; condui: &amp; ne te ſ"
                    HPOS="155"
                    VPOS="471"
                    WIDTH="1118"
                    HEIGHT="110"></String>
          </TextLine>

          
          
          <TextLine ID="eSc_line_46077641"
                    TAGREFS="LT1422"
                    BASELINE="155 640 1253 616" 
                    HPOS="149"
                    VPOS="546"
                    WIDTH="1104"
                    HEIGHT="111">
            <Shape><Polygon POINTS="155 640 149 583 336 569 337 569 337 569 373 575 393 577 404 573 434 561 434 561 436 561 436 561 438 561 438 561 438 561 489 571 512 575 520 569 530 561 530 559 530 559 532 559 532 559 534 559 534 559 534 559 536 559 624 565 697 571 725 563 740 557 742 557 742 557 742 557 744 557 744 557 746 557 760 561 782 567 795 559 809 553 809 553 809 553 811 553 811 553 813 553 813 553 854 557 913 565 925 555 929 553 929 551 929 551 931 551 931 551 933 551 933 551 933 551 1065 548 1067 548 1067 548 1084 549 1143 561 1247 546 1253 616 1251 634 1194 626 1088 638 1068 640 1068 640 1067 640 1067 640 1055 640 996 632 980 640 980 642 978 642 978 642 978 642 976 642 976 642 974 642 974 642 974 642 966 642 915 632 835 644 829 644 829 644 827 644 827 644 825 644 825 644 825 644 825 644 803 634 719 646 703 648 703 648 701 648 701 648 691 648 630 638 155 657"/></Shape>
	    <String CONTENT="uent tes yeus non plus que la lumiere à"
                    HPOS="149"
                    VPOS="546"
                    WIDTH="1104"
                    HEIGHT="111"></String>
          </TextLine>

          
          
          <TextLine ID="eSc_line_47fe421b"
                    TAGREFS="LT1422"
                    BASELINE="153 716 1285 693" 
                    HPOS="145"
                    VPOS="626"
                    WIDTH="1140"
                    HEIGHT="102">
            <Shape><Polygon POINTS="153 716 145 663 190 650 192 650 192 650 192 650 194 650 194 650 196 650 196 650 196 650 198 650 216 659 218 659 314 659 316 657 334 644 334 644 336 644 336 644 337 644 337 644 337 644 339 644 339 644 398 654 408 656 410 654 428 642 430 642 430 642 430 642 432 642 432 642 434 642 664 646 807 648 843 640 870 634 870 634 870 634 872 634 872 634 909 638 951 642 982 636 1006 630 1006 630 1006 630 1008 630 1008 630 1010 630 1010 630 1019 634 1035 640 1043 634 1045 630 1045 630 1047 630 1047 630 1047 630 1049 630 1049 630 1049 630 1051 630 1096 632 1214 636 1279 626 1285 693 1283 705 153 728"/></Shape>
	    <String CONTENT="aueugle. Et à fin que tu me reconnoiſſe"
                    HPOS="145"
                    VPOS="626"
                    WIDTH="1140"
                    HEIGHT="102"></String>
          </TextLine>

          
          
          <TextLine ID="eSc_line_91cb53de"
                    TAGREFS="LT1422"
                    BASELINE="155 793 1275 771" 
                    HPOS="147"
                    VPOS="707"
                    WIDTH="1128"
                    HEIGHT="102">
            <Shape><Polygon POINTS="155 793 147 742 172 724 174 724 174 724 174 724 176 724 176 724 178 724 178 724 178 724 251 738 538 720 540 720 664 726 734 728 744 722 754 714 754 714 756 714 756 714 758 714 758 714 758 714 886 711 888 711 951 716 1017 722 1049 712 1070 707 1072 707 1072 707 1072 707 1074 707 1074 707 1104 711 1155 720 1171 709 1171 709 1171 709 1173 709 1173 709 1173 709 1175 709 1175 709 1175 709 1269 707 1275 771 1275 779 1049 795 1047 795 695 791 675 791 674 791 654 803 652 803 652 803 650 803 650 803 650 803 648 803 526 795 501 805 501 805 499 805 499 805 499 805 497 805 497 805 497 805 495 805 495 805 471 795 471 795 469 795 322 809 322 809 320 809 320 809 318 809 318 809 318 809 298 799 155 799"/></Shape>
	    <String CONTENT="d’orenauant, &amp; que me ſaches gré quand"
                    HPOS="147"
                    VPOS="707"
                    WIDTH="1128"
                    HEIGHT="102"></String>
          </TextLine>

          
          
          <TextLine ID="eSc_line_bf0c729c"
                    TAGREFS="LT1422"
                    BASELINE="157 874 1324 846" 
                    HPOS="155"
                    VPOS="785"
                    WIDTH="1173"
                    HEIGHT="108">
            <Shape><Polygon POINTS="157 874 155 811 308 819 318 809 322 805 322 805 322 803 322 803 324 803 324 803 326 803 326 803 326 803 426 801 428 801 428 801 430 801 430 801 444 807 461 815 479 807 499 797 499 797 499 797 501 797 501 797 503 797 503 797 503 797 505 797 505 797 505 797 506 797 506 797 516 805 524 813 571 813 611 805 638 799 638 799 638 799 640 799 640 799 642 799 642 799 642 799 652 805 660 809 668 803 683 793 685 793 685 793 685 793 687 793 687 793 687 793 689 793 689 793 691 793 727 803 732 805 734 803 742 793 744 793 744 791 744 791 746 791 746 791 746 791 748 791 748 791 750 791 750 791 750 791 801 803 823 807 835 801 862 789 862 789 862 789 864 789 864 789 866 789 866 789 976 799 1029 785 1031 785 1031 785 1031 785 1033 785 1033 785 1035 785 1082 797 1102 787 1102 787 1102 787 1104 787 1104 787 1106 787 1106 787 1106 787 1108 787 1108 787 1108 787 1110 787 1110 787 1122 799 1124 799 1129 799 1192 787 1192 787 1192 787 1194 787 1320 797 1324 846 1328 858 1308 870 1306 870 1306 870 1304 870 1304 870 1304 870 1302 870 1302 870 1234 860 1216 858 1208 860 1179 872 1179 872 1177 872 1177 872 1175 872 1175 872 1098 864 1080 862 1053 864 905 879 905 879 903 879 903 879 903 879 856 868 844 866 841 870 825 881 825 881 823 881 823 881 823 881 821 881 821 881 819 881 569 876 491 874 485 877 461 889 461 889 461 889 459 889 459 889 459 889 457 889 457 889 379 879 359 877 353 879 322 893 322 893 320 893 320 893 320 893 318 893 155 883"/></Shape>
	    <String CONTENT="te meneray ou conduiray: regarde ſi tu vois"
                    HPOS="155"
                    VPOS="785"
                    WIDTH="1173"
                    HEIGHT="108"></String>
          </TextLine>

          
          
          <TextLine ID="eSc_line_1bcc170d"
                    TAGREFS="LT1422"
                    BASELINE="161 948 966 934" 
                    HPOS="159"
                    VPOS="868"
                    WIDTH="807"
                    HEIGHT="100">
            <Shape><Polygon POINTS="161 948 159 887 227 893 241 885 255 879 255 879 255 879 257 879 257 879 259 879 259 879 318 885 337 887 343 885 361 877 361 877 363 877 363 877 363 877 365 877 365 877 367 877 394 885 412 889 428 885 463 876 465 876 465 876 467 876 467 876 467 876 469 876 469 876 471 876 485 885 491 889 495 885 506 876 506 874 506 874 508 874 508 874 510 874 510 874 510 874 512 874 512 874 512 874 514 874 546 885 554 887 560 885 581 874 581 874 581 874 583 874 583 874 585 874 585 874 585 874 587 874 622 883 628 885 815 885 817 883 846 868 846 868 846 868 848 868 848 868 848 868 850 868 850 868 852 868 852 868 852 868 880 881 899 872 899 872 899 872 901 872 901 872 903 872 903 872 903 872 962 883 966 934 964 944 921 944 921 944 909 954 909 956 909 956 907 956 907 956 907 956 905 956 905 956 905 956 903 956 903 956 901 956 901 956 901 956 880 946 876 944 870 946 841 954 839 954 839 954 839 954 837 954 752 948 740 948 740 948 732 960 730 960 730 960 730 962 730 962 729 962 729 962 727 962 727 962 727 962 725 962 725 962 656 950 638 948 622 952 589 960 587 960 587 960 585 960 585 960 585 960 583 960 583 960 567 952 560 950 550 954 530 960 528 960 528 960 528 960 526 960 448 956 436 956 436 956 420 966 418 966 418 966 416 966 416 966 416 966 414 966 414 966 412 966 412 966 412 966 410 966 410 966 400 958 394 952 373 958 336 968 334 968 334 968 332 968 159 962"/></Shape>
	    <String CONTENT="quelque choſe de toymeſme?"
                    HPOS="159"
                    VPOS="868"
                    WIDTH="807"
                    HEIGHT="100"></String>
          </TextLine>

          
          
          <TextLine ID="eSc_line_a12f9466"
                    TAGREFS="LT1422"
                    BASELINE="442 1025 1049 1011" 
                    HPOS="438"
                    VPOS="944"
                    WIDTH="611"
                    HEIGHT="87">
            <Shape><Polygon POINTS="442 1025 438 966 636 950 638 950 638 950 638 950 640 950 640 950 658 958 681 966 784 966 841 950 872 944 872 944 872 944 874 944 874 944 915 948 1004 958 1041 944 1049 1011 1049 1021 442 1031"/></Shape>
	    <String CONTENT="Folie tire les yeus à Amour."
                    HPOS="438"
                    VPOS="944"
                    WIDTH="611"
                    HEIGHT="87"></String>
          </TextLine>

          
          
          <TextLine ID="eSc_line_a4e8a88b"
                    TAGREFS="LT1422"
                    BASELINE="224 1105 1320 1074" 
                    HPOS="220"
                    VPOS="1005"
                    WIDTH="1100"
                    HEIGHT="118">
            <Shape><Polygon POINTS="224 1105 220 1042 353 1046 375 1037 387 1031 387 1031 389 1031 389 1031 389 1031 562 1025 563 1025 563 1025 563 1025 565 1025 565 1025 567 1025 567 1025 567 1027 571 1029 583 1041 620 1041 717 1025 746 1021 746 1021 748 1021 748 1021 750 1021 750 1021 758 1023 784 1033 913 1021 913 1021 915 1021 915 1021 917 1021 917 1021 937 1029 962 1017 970 1013 970 1013 970 1013 972 1013 972 1013 974 1013 1015 1015 1173 1023 1190 1009 1190 1009 1190 1007 1190 1007 1192 1007 1192 1007 1194 1007 1194 1007 1194 1007 1196 1007 1196 1007 1196 1007 1204 1007 1251 1019 1314 1005 1320 1074 1318 1086 1218 1096 1218 1096 1216 1096 1216 1096 1180 1090 1151 1086 1108 1092 1043 1101 1043 1101 1041 1101 1041 1101 1041 1101 1006 1094 980 1090 925 1096 839 1107 839 1107 837 1107 837 1107 837 1107 799 1099 787 1097 786 1099 774 1109 774 1109 772 1109 772 1109 772 1109 770 1109 770 1109 770 1109 768 1109 685 1103 646 1099 640 1103 634 1109 634 1109 632 1109 632 1109 632 1109 630 1109 630 1109 630 1109 628 1109 628 1109 595 1105 581 1103 579 1105 565 1115 563 1115 563 1115 563 1115 562 1115 562 1115 562 1115 497 1117 495 1117 495 1117 493 1117 493 1117 467 1107 461 1105 451 1107 428 1117 428 1117 426 1117 426 1117 426 1117 424 1117 424 1117 381 1109 361 1107 336 1111 271 1123 271 1123 269 1123 269 1123 269 1123 222 1113"/></Shape>
	    <String CONTENT="AM. O Iupiter! ô ma mere Venus! Iupi¬"
                    HPOS="220"
                    VPOS="1005"
                    WIDTH="1100"
                    HEIGHT="118"></String>
          </TextLine>

          
          
          <TextLine ID="eSc_line_1124da22"
                    TAGREFS="LT1422"
                    BASELINE="159 1182 1324 1152" 
                    HPOS="151"
                    VPOS="1084"
                    WIDTH="1173"
                    HEIGHT="118">
            <Shape><Polygon POINTS="159 1182 151 1127 186 1115 188 1115 188 1115 190 1115 432 1115 453 1103 453 1103 453 1103 455 1103 455 1103 457 1103 457 1103 575 1115 577 1115 579 1115 630 1101 632 1101 632 1101 632 1101 634 1101 634 1101 636 1101 636 1101 668 1113 668 1113 668 1113 703 1097 703 1097 705 1097 705 1097 705 1097 707 1097 707 1097 707 1097 709 1097 709 1097 740 1111 740 1111 740 1111 795 1096 797 1096 797 1096 799 1096 799 1096 799 1096 801 1096 801 1096 831 1109 844 1096 844 1096 844 1094 844 1094 846 1094 846 1094 846 1094 848 1094 848 1094 850 1094 850 1094 850 1094 852 1094 894 1107 929 1092 929 1092 931 1092 931 1092 931 1092 933 1092 933 1092 935 1092 935 1092 935 1092 937 1092 937 1092 955 1105 955 1107 990 1107 992 1105 1011 1090 1011 1090 1013 1090 1013 1090 1015 1090 1015 1090 1015 1090 1017 1090 1165 1096 1281 1084 1281 1084 1283 1084 1283 1084 1285 1084 1285 1084 1322 1097 1324 1152 1322 1162 1173 1164 1171 1168 1167 1174 1167 1174 1165 1174 1165 1176 1165 1176 1163 1176 1163 1176 1163 1176 1161 1176 1161 1176 1161 1176 1159 1176 1159 1176 1122 1170 1110 1168 1106 1170 1094 1178 1092 1178 1092 1178 1092 1178 1090 1178 1090 1178 1088 1178 884 1178 709 1178 685 1184 674 1188 672 1188 672 1188 672 1188 670 1188 634 1186 563 1182 495 1192 469 1194 469 1194 467 1194 467 1194 449 1192 396 1186 387 1194 387 1194 387 1196 387 1196 385 1196 385 1196 385 1196 383 1196 383 1196 383 1196 235 1200 233 1200 233 1200 233 1200 229 1200 194 1192 161 1202"/></Shape>
	    <String CONTENT="ter, lupiter, que m’a ſerui d’eſtre Dieu, fils de"
                    HPOS="151"
                    VPOS="1084"
                    WIDTH="1173"
                    HEIGHT="118"></String>
          </TextLine>

          
          
          <TextLine ID="eSc_line_bde5e170"
                    TAGREFS="LT1422"
                    BASELINE="165 1259 1326 1227" 
                    HPOS="161"
                    VPOS="1168"
                    WIDTH="1165"
                    HEIGHT="98">
            <Shape><Polygon POINTS="165 1259 161 1192 367 1202 485 1186 505 1184 505 1184 506 1184 506 1184 518 1186 575 1196 646 1196 658 1184 658 1184 658 1182 658 1182 660 1182 660 1182 660 1182 662 1182 662 1182 664 1182 664 1182 664 1182 672 1184 705 1190 729 1182 746 1176 748 1176 748 1176 748 1176 894 1172 896 1172 896 1172 896 1172 927 1180 956 1186 990 1178 1029 1168 1031 1168 1031 1168 1033 1168 1033 1168 1033 1168 1074 1176 1102 1182 1320 1174 1326 1227 1326 1241 165 1266"/></Shape>
	    <String CONTENT="Venus tant bien voulu iuſques ici, tant au"
                    HPOS="161"
                    VPOS="1168"
                    WIDTH="1165"
                    HEIGHT="98"></String>
          </TextLine>

          
          
          <TextLine ID="eSc_line_878c3466"
                    TAGREFS="LT1422"
                    BASELINE="157 1339 1324 1304" 
                    HPOS="151"
                    VPOS="1235"
                    WIDTH="1173"
                    HEIGHT="116">
            <Shape><Polygon POINTS="157 1339 151 1276 261 1262 261 1262 263 1262 263 1262 308 1270 324 1274 330 1270 341 1260 341 1260 343 1260 343 1260 343 1260 345 1260 345 1260 345 1260 402 1259 404 1259 489 1266 516 1268 520 1264 532 1257 532 1255 532 1255 534 1255 534 1255 536 1255 536 1255 536 1255 538 1255 538 1255 540 1255 540 1255 565 1264 573 1266 589 1264 652 1251 652 1251 652 1251 654 1251 654 1251 654 1251 656 1251 685 1260 693 1262 711 1260 782 1249 782 1249 784 1249 784 1249 784 1249 829 1257 841 1259 848 1257 884 1245 886 1245 886 1245 886 1245 888 1245 888 1245 960 1253 974 1255 980 1253 1010 1241 1010 1241 1011 1241 1011 1241 1011 1241 1106 1237 1108 1237 1108 1237 1108 1237 1110 1237 1147 1249 1151 1249 1155 1249 1206 1235 1208 1235 1208 1235 1210 1235 1210 1235 1210 1235 1212 1235 1212 1235 1212 1235 1214 1235 1230 1247 1232 1247 1318 1245 1324 1304 1324 1312 1292 1323 1292 1323 1291 1323 1291 1323 1289 1323 1289 1323 1289 1323 1287 1323 1287 1323 1267 1315 1045 1331 1043 1331 1043 1331 1043 1331 1041 1331 1017 1323 1011 1321 1000 1323 933 1335 933 1335 933 1335 931 1335 839 1329 837 1329 835 1329 772 1339 772 1339 770 1339 770 1339 770 1339 768 1339 768 1339 768 1339 752 1331 748 1329 711 1333 601 1345 601 1345 599 1345 599 1345 560 1337 552 1337 550 1339 536 1347 534 1347 534 1347 532 1347 532 1347 532 1347 157 1351"/></Shape>
	    <String CONTENT="ciel qu’en terre, ſi ie ſuis ſuget à eſtre iniu¬"
                    HPOS="151"
                    VPOS="1235"
                    WIDTH="1173"
                    HEIGHT="116"></String>
          </TextLine>

          
          
          <TextLine ID="eSc_line_b64f7007"
                    TAGREFS="LT1422"
                    BASELINE="157 1416 1330 1382" 
                    HPOS="151"
                    VPOS="1315"
                    WIDTH="1179"
                    HEIGHT="116">
            <Shape><Polygon POINTS="157 1416 151 1359 275 1343 275 1343 277 1343 396 1351 406 1351 414 1351 491 1337 491 1337 493 1337 734 1341 752 1341 756 1341 823 1327 823 1327 823 1327 825 1327 955 1335 960 1335 966 1335 1051 1321 1051 1321 1053 1321 1053 1321 1053 1321 1055 1321 1055 1321 1057 1321 1072 1331 1167 1317 1167 1317 1169 1317 1169 1317 1169 1317 1171 1317 1171 1317 1196 1327 1269 1327 1292 1327 1292 1325 1298 1317 1300 1317 1300 1315 1300 1315 1302 1315 1302 1315 1302 1315 1304 1315 1304 1315 1304 1315 1306 1315 1306 1315 1308 1315 1308 1315 1308 1315 1328 1325 1330 1382 1330 1392 976 1414 974 1414 750 1410 719 1410 717 1410 707 1420 707 1422 707 1422 705 1422 705 1422 705 1422 703 1422 703 1422 703 1422 701 1422 591 1414 573 1414 563 1416 501 1427 501 1427 501 1427 499 1427 499 1427 449 1418 444 1418 436 1418 385 1427 385 1427 383 1427 383 1427 328 1422 322 1422 320 1422 308 1431 308 1431 306 1431 306 1431 306 1431 304 1431 304 1431 302 1431 155 1425"/></Shape>
	    <String CONTENT="rié &amp; outragé, comme le plus vil eſclaue ou"
                    HPOS="151"
                    VPOS="1315"
                    WIDTH="1179"
                    HEIGHT="116"></String>
          </TextLine>

          
          
          <TextLine ID="eSc_line_1ce86e5c"
                    TAGREFS="LT1422"
                    BASELINE="157 1492 1326 1457" 
                    HPOS="149"
                    VPOS="1392"
                    WIDTH="1177"
                    HEIGHT="116">
            <Shape><Polygon POINTS="157 1492 149 1437 194 1424 196 1424 196 1424 196 1424 198 1424 198 1424 200 1424 235 1433 259 1422 259 1422 259 1422 261 1422 261 1422 261 1422 263 1422 371 1429 377 1429 385 1429 522 1414 522 1414 607 1412 609 1412 609 1412 611 1412 611 1412 611 1412 613 1412 613 1412 613 1414 622 1422 752 1408 752 1408 754 1408 754 1408 823 1416 825 1416 825 1416 843 1404 844 1404 844 1404 844 1404 846 1404 846 1404 846 1404 848 1404 848 1404 905 1414 909 1414 915 1414 976 1400 976 1400 976 1400 978 1400 978 1400 980 1400 980 1400 1008 1410 1080 1398 1080 1398 1082 1398 1082 1398 1082 1398 1084 1398 1084 1398 1084 1398 1086 1398 1100 1408 1102 1408 1202 1406 1202 1404 1234 1392 1234 1392 1236 1392 1236 1392 1237 1392 1237 1392 1322 1402 1326 1457 1324 1467 1065 1486 1063 1486 1063 1486 1063 1486 1013 1479 1000 1477 972 1480 870 1492 870 1492 868 1492 687 1488 611 1488 544 1494 414 1506 414 1508 157 1508"/></Shape>
	    <String CONTENT="forſaire, qui ſoit au monde? &amp; qu’une fem¬"
                    HPOS="149"
                    VPOS="1392"
                    WIDTH="1177"
                    HEIGHT="116"></String>
          </TextLine>

          
          
          <TextLine ID="eSc_line_1e8b670a"
                    TAGREFS="LT1422"
                    BASELINE="157 1573 1328 1535" 
                    HPOS="151"
                    VPOS="1471"
                    WIDTH="1177"
                    HEIGHT="114">
            <Shape><Polygon POINTS="157 1573 151 1512 1322 1471 1328 1535 1328 1543 1265 1559 1265 1559 1265 1559 1263 1559 1263 1559 1263 1559 1212 1547 1204 1547 1182 1549 1055 1565 1055 1565 1053 1565 958 1557 947 1557 945 1557 927 1569 925 1569 925 1569 923 1569 923 1569 923 1569 921 1569 921 1569 858 1561 854 1561 852 1561 829 1571 829 1571 827 1571 827 1571 827 1571 825 1571 742 1565 732 1565 730 1565 713 1577 711 1577 711 1577 709 1577 709 1577 709 1577 707 1577 707 1577 707 1577 664 1567 658 1567 648 1569 609 1577 609 1577 609 1577 607 1577 607 1577 605 1577 605 1577 605 1577 603 1577 603 1577 595 1571 591 1567 587 1571 577 1577 575 1577 575 1577 575 1577 573 1577 573 1577 571 1577 571 1577 571 1577 544 1573 526 1569 520 1573 512 1579 510 1579 510 1579 510 1579 508 1579 508 1579 506 1579 506 1579 506 1579 483 1575 465 1571 157 1585"/></Shape>
	    <String CONTENT="me inconnue m’ait pù creuer les yeus? Qu’à"
                    HPOS="151"
                    VPOS="1471"
                    WIDTH="1177"
                    HEIGHT="114"></String>
          </TextLine>

          
          
          <TextLine ID="eSc_line_0eb10f48"
                    TAGREFS="LT1422"
                    BASELINE="157 1649 1332 1612" 
                    HPOS="153"
                    VPOS="1547"
                    WIDTH="1183"
                    HEIGHT="110">
            <Shape><Polygon POINTS="157 1649 153 1585 220 1590 312 1581 377 1573 377 1573 379 1573 432 1577 495 1583 501 1575 505 1571 506 1571 506 1569 506 1569 508 1569 508 1569 508 1569 510 1569 510 1569 512 1569 512 1569 567 1575 617 1579 642 1573 668 1565 670 1565 670 1565 672 1565 672 1565 672 1565 674 1565 674 1565 689 1571 699 1575 719 1571 746 1565 746 1565 746 1565 748 1565 813 1569 866 1571 886 1567 929 1555 931 1555 931 1555 933 1555 933 1555 1025 1563 1053 1565 1067 1563 1114 1549 1116 1549 1116 1549 1118 1549 1118 1549 1118 1549 1169 1559 1177 1561 1179 1559 1192 1547 1192 1547 1194 1547 1194 1547 1194 1547 1196 1547 1196 1547 1196 1547 1198 1547 1328 1557 1332 1612 1336 1618 1322 1630 1322 1630 1320 1630 1320 1630 1320 1630 1318 1630 1318 1630 1318 1630 1204 1634 1204 1634 157 1657"/></Shape>
	    <String CONTENT="la malheure fut ce banquet ſolennel inſtitué"
                    HPOS="153"
                    VPOS="1547"
                    WIDTH="1183"
                    HEIGHT="110"></String>
          </TextLine>

          
          
          <TextLine ID="eSc_line_d6bd9871"
                    TAGREFS="LT1422"
                    BASELINE="165 1724 1330 1689" 
                    HPOS="159"
                    VPOS="1632"
                    WIDTH="1171"
                    HEIGHT="114">
            <Shape><Polygon POINTS="165 1724 159 1671 548 1647 550 1647 550 1647 552 1647 552 1647 552 1647 573 1657 634 1645 634 1645 634 1645 636 1645 636 1645 638 1645 674 1655 677 1655 681 1655 750 1642 750 1642 750 1642 752 1642 752 1642 754 1642 754 1642 784 1651 784 1651 784 1651 896 1638 896 1638 898 1638 898 1638 898 1638 899 1638 933 1647 935 1647 939 1647 1067 1632 1067 1632 1068 1632 1068 1632 1068 1632 1070 1632 1070 1632 1094 1642 1324 1638 1330 1689 1328 1699 1194 1714 1194 1714 1192 1714 1120 1708 1096 1706 1088 1708 1068 1718 1068 1718 1068 1718 1067 1718 1067 1718 1065 1718 903 1716 811 1716 776 1722 738 1728 738 1728 736 1728 736 1728 736 1728 734 1728 723 1724 703 1718 591 1720 565 1730 554 1734 552 1734 552 1734 552 1734 550 1734 550 1734 532 1732 489 1724 438 1736 424 1738 424 1738 424 1738 422 1738 422 1738 420 1738 414 1736 381 1728 351 1740 347 1740 347 1740 345 1740 345 1740 345 1740 343 1740 334 1740 239 1732 165 1746"/></Shape>
	    <String CONTENT="pour moy. Me trouueráy ie en haut auec¬"
                    HPOS="159"
                    VPOS="1632"
                    WIDTH="1171"
                    HEIGHT="114"></String>
          </TextLine>

          
          
          <TextLine ID="eSc_line_7dec3d13"
                    TAGREFS="LT1422"
                    BASELINE="161 1801 1332 1767" 
                    HPOS="155"
                    VPOS="1700"
                    WIDTH="1177"
                    HEIGHT="110">
            <Shape><Polygon POINTS="161 1801 155 1750 224 1738 224 1738 225 1738 225 1738 225 1738 267 1744 277 1746 281 1744 298 1730 298 1730 300 1730 300 1730 300 1730 302 1730 302 1730 304 1730 304 1730 304 1730 306 1730 339 1742 351 1744 453 1742 457 1736 465 1730 465 1728 465 1728 467 1728 467 1728 467 1728 469 1728 469 1728 469 1728 471 1728 471 1728 473 1728 473 1728 473 1728 487 1734 499 1740 524 1734 565 1722 567 1722 567 1722 567 1722 569 1722 658 1728 725 1732 752 1724 772 1718 774 1718 774 1718 776 1718 776 1718 776 1718 795 1722 833 1730 862 1720 876 1714 876 1714 878 1714 878 1714 880 1714 880 1714 880 1714 898 1718 925 1724 960 1714 980 1710 982 1710 982 1710 984 1710 984 1710 1013 1712 1094 1722 1114 1708 1116 1706 1116 1706 1118 1706 1118 1706 1120 1706 1120 1706 1120 1706 1122 1706 1122 1706 1124 1706 1131 1708 1171 1720 1184 1706 1184 1706 1184 1706 1184 1704 1184 1704 1186 1704 1186 1704 1188 1704 1188 1704 1188 1704 1190 1704 1190 1704 1200 1704 1271 1716 1324 1700 1332 1767 1330 1777 161 1810"/></Shape>
	    <String CONTENT="ques les autres Dieus en tel ordre? Ils ſe reſ¬"
                    HPOS="155"
                    VPOS="1700"
                    WIDTH="1177"
                    HEIGHT="110"></String>
          </TextLine>

          
          
          <TextLine ID="eSc_line_f5899e0f"
                    TAGREFS="LT1422"
                    BASELINE="159 1879 1334 1842" 
                    HPOS="155"
                    VPOS="1779"
                    WIDTH="1179"
                    HEIGHT="120">
            <Shape><Polygon POINTS="159 1879 157 1812 188 1826 243 1826 259 1812 259 1810 259 1810 261 1810 261 1810 261 1810 263 1810 263 1810 263 1810 265 1810 265 1810 265 1810 361 1820 406 1807 418 1803 420 1803 420 1803 420 1803 422 1803 422 1803 424 1803 436 1805 471 1814 491 1805 503 1799 503 1799 503 1799 505 1799 505 1799 506 1799 506 1799 506 1799 508 1799 524 1803 554 1812 563 1803 569 1799 569 1797 569 1797 571 1797 571 1797 571 1797 573 1797 573 1797 575 1797 575 1797 613 1801 681 1810 744 1799 746 1799 746 1799 748 1799 752 1799 921 1803 939 1793 955 1785 955 1785 955 1785 956 1785 956 1785 956 1785 1015 1783 1017 1783 1017 1783 1017 1783 1019 1783 1019 1783 1021 1783 1021 1783 1021 1785 1029 1791 1037 1797 1065 1791 1118 1779 1118 1779 1118 1779 1120 1779 1330 1785 1334 1842 1334 1856 960 1875 958 1875 846 1869 811 1869 805 1871 780 1881 780 1881 778 1881 778 1881 776 1881 776 1881 707 1873 693 1873 691 1875 683 1881 683 1883 683 1883 681 1883 681 1883 681 1883 679 1883 679 1883 677 1883 554 1879 550 1879 546 1879 465 1891 465 1891 463 1891 463 1891 463 1891 461 1891 461 1891 461 1891 444 1881 442 1881 440 1881 406 1893 404 1893 404 1893 404 1893 402 1893 402 1893 402 1893 359 1883 351 1883 328 1885 192 1899 192 1899 190 1899 190 1899 188 1899 155 1889"/></Shape>
	    <String CONTENT="iouiront, &amp; ne feray que me pleindre. O fem"
                    HPOS="155"
                    VPOS="1779"
                    WIDTH="1179"
                    HEIGHT="120"></String>
          </TextLine>

          
          
          <TextLine ID="eSc_line_584a7fac"
                    TAGREFS="LT1422"
                    BASELINE="159 1960 1330 1920" 
                    HPOS="153"
                    VPOS="1848"
                    WIDTH="1177"
                    HEIGHT="118">
            <Shape><Polygon POINTS="159 1960 153 1909 225 1891 225 1891 225 1891 227 1891 227 1891 229 1891 229 1891 259 1903 263 1903 353 1903 359 1897 381 1879 381 1879 383 1879 383 1879 383 1879 385 1879 385 1879 385 1879 449 1877 451 1877 451 1877 453 1877 453 1877 453 1877 479 1891 481 1891 485 1891 556 1873 556 1873 556 1873 558 1873 558 1873 558 1873 560 1873 595 1885 617 1891 703 1879 709 1879 709 1879 711 1879 711 1879 711 1879 713 1879 752 1887 789 1875 823 1863 825 1863 825 1863 825 1863 827 1863 827 1863 866 1871 923 1881 1015 1865 1015 1865 1017 1865 1017 1865 1017 1865 1019 1865 1019 1865 1019 1865 1039 1875 1078 1860 1088 1856 1088 1856 1090 1856 1090 1856 1092 1856 1092 1856 1092 1856 1094 1856 1094 1856 1102 1858 1135 1873 1210 1865 1228 1852 1230 1850 1230 1850 1232 1850 1232 1850 1234 1850 1234 1850 1234 1850 1322 1848 1330 1920 1330 1936 159 1966"/></Shape>
	    <String CONTENT="me cruelle! comment m’as tu ainſi acoutré."
                    HPOS="153"
                    VPOS="1848"
                    WIDTH="1177"
                    HEIGHT="118"></String>
          </TextLine>

          
          
          <TextLine ID="eSc_line_4157f74f"
                    TAGREFS="LT1422"
                    BASELINE="220 2032 1330 1997" 
                    HPOS="214"
                    VPOS="1932"
                    WIDTH="1116"
                    HEIGHT="118">
            <Shape><Polygon POINTS="220 2032 214 1985 383 1981 398 1975 461 1958 463 1958 463 1958 465 1958 465 1958 465 1958 467 1958 499 1968 508 1960 508 1958 508 1958 510 1958 510 1958 510 1958 512 1958 512 1958 512 1958 607 1954 609 1954 609 1954 611 1954 611 1954 611 1954 632 1964 644 1972 656 1964 672 1952 674 1952 674 1952 674 1952 675 1952 675 1952 675 1952 677 1952 677 1952 729 1960 754 1964 762 1958 768 1952 768 1952 770 1952 770 1952 770 1952 772 1952 772 1952 772 1952 774 1952 774 1952 776 1952 793 1956 815 1962 872 1960 880 1952 890 1944 890 1944 892 1944 892 1944 892 1944 894 1944 894 1944 896 1944 896 1944 896 1944 931 1950 953 1954 970 1948 990 1942 992 1942 992 1942 992 1942 994 1942 994 1942 1023 1946 1096 1956 1151 1940 1157 1938 1159 1938 1159 1938 1159 1938 1161 1938 1161 1938 1169 1938 1232 1950 1324 1932 1330 1997 1330 2005 220 2050"/></Shape>
	    <String CONTENT="FOL. Ainſi ſe chatient les ieunes &amp; pre¬"
                    HPOS="214"
                    VPOS="1932"
                    WIDTH="1116"
                    HEIGHT="118"></String>
          </TextLine>

          
          
          <TextLine ID="eSc_line_c0b87537"
                    TAGREFS="LT1422"
                    BASELINE="155 2113 1334 2070" 
                    HPOS="151"
                    VPOS="2005"
                    WIDTH="1183"
                    HEIGHT="141">
            <Shape><Polygon POINTS="155 2113 151 2048 271 2056 379 2042 434 2034 434 2034 436 2034 436 2034 436 2034 438 2034 455 2040 487 2048 522 2038 542 2032 544 2032 544 2032 546 2032 546 2032 587 2036 646 2042 711 2032 748 2028 748 2028 750 2028 795 2030 823 2032 829 2030 843 2021 844 2021 844 2021 844 2021 846 2021 846 2021 848 2021 848 2021 848 2021 892 2028 913 2032 929 2028 966 2015 968 2015 968 2015 968 2015 970 2015 970 2015 972 2015 1011 2027 1023 2028 1055 2025 1184 2007 1184 2007 1186 2007 1186 2007 1186 2007 1188 2007 1188 2007 1222 2021 1222 2021 1222 2021 1247 2005 1249 2005 1249 2005 1251 2005 1251 2005 1251 2005 1253 2005 1253 2005 1330 2019 1334 2070 1334 2095 1279 2109 1279 2109 1279 2109 1277 2109 1277 2109 1275 2109 1275 2109 1275 2109 1253 2099 1249 2097 1243 2099 1210 2111 1208 2111 1208 2111 1208 2111 1206 2111 1206 2111 1139 2103 1120 2101 1106 2103 1061 2117 1059 2117 1059 2117 797 2127 795 2127 795 2127 719 2117 707 2117 703 2119 674 2131 674 2131 672 2131 672 2131 670 2131 369 2131 322 2131 314 2133 263 2146 261 2146 261 2146 259 2146 259 2146 259 2146 257 2146 257 2146 257 2146 255 2146 255 2146 241 2135 241 2135 155 2137"/></Shape>
	    <String CONTENT="ſomptueus, comme toy. Quelle temerité ha"
                    HPOS="151"
                    VPOS="2005"
                    WIDTH="1183"
                    HEIGHT="141"></String>
          </TextLine>

          
          
          <TextLine ID="eSc_line_201ecce9"
                    TAGREFS="LT1422"
                    BASELINE="1253 2150 1332 2146" 
                    HPOS="1247"
                    VPOS="2095"
                    WIDTH="85"
                    HEIGHT="93">
            <Shape><Polygon POINTS="1253 2150 1247 2099 1326 2095 1332 2146 1332 2182 1253 2188"/></Shape>
	    <String CONTENT="un"
                    HPOS="1247"
                    VPOS="2095"
                    WIDTH="85"
                    HEIGHT="93"></String>
          </TextLine>

          
        </TextBlock>
        
        <TextBlock HPOS="528"
                   VPOS="23"
                   WIDTH="389"
                   HEIGHT="56"
                   ID="eSc_textblock_c34cb950"
                   TAGREFS="BT4319">
          <Shape><Polygon POINTS="917 79 917 23 528 23 528 79"/></Shape>
          
        </TextBlock>
        
        <TextBlock HPOS="1249"
                   VPOS="2107"
                   WIDTH="95"
                   HEIGHT="49"
                   ID="eSc_textblock_08705619"
                   TAGREFS="BT4318">
          <Shape><Polygon POINTS="1249 2107 1249 2156 1344 2156 1344 2107"/></Shape>
          
        </TextBlock>
        

        
      </PrintSpace>
    </Page>
  </Layout>
</alto>
