1364 2328
228 -3 804 109 DE FOLIE ET D'AMOVR.

1204 60 51 73 19

54 93 1168 104 un enfant de s’adreſſer à une femme, & l’in¬

50 174 1174 105 iurier & outrager de paroles: puis de voye

54 246 1168 95 de fait tacher à la tuer. Vne autre fois eſti¬

48 335 1172 99 me ceus que tu ne connois eſtre, poſſible,

50 399 1170 113 plus grans que toy. Tu as ofensé la Royne

46 483 1172 102 des hommes, celle qui leur gouuerne le cer¬

44 556 1176 111 ueau, cœur, & eſprit: à l’ombre de laquelle

42 628 1170 111 tous ſe retirent une fois en leur vie, & y de¬

38 708 1176 114 meurent les uns plus, les autres moins, ſelon

34 783 1180 113 leur merite. Tu as ofensé celle qui t’a fait

34 865 1176 99 auoir le bruit que tu as: & ne s’eſt ſouciee

36 935 1168 114 de faire entendre au Monde, que la meilleu¬

36 1014 1170 109 re partie du loz qu’il te donnoit, lui eſtoit

34 1088 1168 120 due. Si tu uſſes eſté plus modeſte, encore que

29 1167 1177 107 ie te fuſſe inconnue: cette faute ne te fuſt

29 1245 225 81 auenue.

89 1317 1108 120 AM. Comment eſt il poſſible porter hon¬

29 1396 1164 119 neur à une perſonne, que lon n’a iamais vuë?

31 1468 1160 120 Ie ne t’ay point fait tant d’iniure que tu dis,

31 1544 1166 120 vù que ne te connoiſſois. Car ſi i’uſſe sù qui

31 1619 1162 130 tu es, & combien tu as de pouuoir, ie t’uſſe

23 1703 1164 122 fait l’honneur que merite une grand' Dame.

27 1777 1168 130 Mais eſt il poſſible, s’ainſi eſt que tant m’ayes

23 1852 1168 122 aymé, & aydé en toutes mes entrepriſes, que

19 1930 1131 128 m’ayant pardonné, me rendiſſes mes yeus?

81 2007 1112 138 FOL. Que tes yeus te ſoient renduz, ou

764 2106 58 95 b

851 2139 57 80 2

1034 2139 151 90 non,
