1405 2357
76 11 69 116 20

565 -1 348 87 DEBAT

125 84 1189 108 non, il n’eſt en mon pouuoir. Mais ie t’acou¬

131 168 1181 103 treray bien le lieu ou ils eſtoiẽt, en ſorte que

137 241 898 112 lon n’y verra point de diformité.

298 333 886 81 Folie bande Amour, & lui met des eſles.

141 402 1181 108 Et ce pendant que tu chercheras tes yeus,

149 483 1171 96 voici des eſles que ie te preſte, qui te con¬

143 565 874 98 duiront auſſi bien comme moy.

210 632 1118 116 AM. Mais ou auois tu pris ce bandeau ſi

153 716 919 105 à propos pour me lier mes plaies?

202 789 1126 98 FOL. En venant i’ay trouué une des Par¬

151 862 1183 114 ques, qui me l’a baillé, & m’a dit eſtre de telle

157 946 1132 100 nature, que iamais ne te pourra eſtre oté.

218 1019 1118 108 AM. Comment oté! ie ſuis donq aueugle

157 1096 1179 98 à iamais. O meſchante & traytreſſe! il ne te

159 1174 1179 110 ſufit pas de m’auoir creué les yeus, mais tu

159 1253 1175 98 as oté aus Dieus la puiſſance de me les pou¬

165 1323 1177 116 uoir iamais rendre. O qu’il n’eſt pas dit ſans

165 1404 1177 116 cauſe, qu’il ne faut point receuoir preſent de

165 1480 1177 112 la main de ſes ennemis. La malheureuſe m’a

167 1561 1179 108 bleſsé, & me ſuis mis entre ſes mains pour

168 1634 1176 116 eſtre pensé. O cruelles Deſtinees! O noire

168 1712 1178 108 iournee! O moy trop credule! Ciel, Terre,

170 1791 1179 110 Mer, n’aurez vous cõpaſſion de voir Amour

168 1867 1176 114 aueugle? O infame & deteſtable, tu te vante¬

174 1944 1174 114 ras que ne t’ay pù fraper, que tu m’as oté les

176 2021 1170 139 yeus, & trompé en me fiant en toy. Mais que

1249 2101 100 77 me
