1364 2328
236 -1 815 55 DE FOLIE ET D'AMOVR.

1239 -3 60 140 21

71 60 1188 93 me ſert de plorer ici? Il vaut mieus que me

79 137 1164 99 retire en quelque lieu apart, & laiſſe paſſer

75 215 1168 87 ce feſtin. Puis s’il eſt ainſi que i’aye tant de

69 294 1168 86 faueur au Ciel ou en Terre: ie trouueray

71 372 1164 91 moyen de me venger de la fauſſe Sorciere,

71 446 712 99 qui tant m’a fait d’outrage.

236 582 825 97 DISCOVRS II.

215 818 857 86 Amour ſort du Palais de lupiter, & va

382 888 494 101 reſuant à ſon infortune.

475 975 303 76 AMOVR.

318 1051 894 89 RES ſuis ie las de toute choſe. Il

318 1134 894 95 vaut mieus par deſpit deſcharger

318 1216 896 83 mon carquois, & getter toutes

318 1292 896 81 mes fleſches, puis rendre arc &

46 1369 1162 86 trouſſe à Venus ma mere. Or aillent, ou elles

54 1445 1156 91 pourront, ou en Ciel, ou en Terre, il ne m’en

42 1515 1166 101 chaut: Auſſi bien ne m’eſt plus loiſible faire

42 1608 1162 85 aymer qui bon me ſemblera. O que ces bel¬

38 1672 1166 89 les Deſtinees ont auiourdhui fait un beau

40 1753 1168 97 trait, de m’auoir ordonné eſtre aueugle, à

34 1827 1170 99 fin qu’indiferemment, & ſans accepcion de

46 1905 1156 97 perſonne, chacun ſoit au hazard de mes

40 1980 1166 113 traits & de mes fleſches. Ie faiſois aymer les

731 2077 128 82 b 3

1010 2085 194 87 ieunes
