1405 2357
135 62 1175 81 ieunes pucelles, les ieunes hommes : i'acom¬

145 137 1169 96 pagnois les plus iolies des plus beaus & plus

137 216 1179 86 adroits. Ie pardonnois aus laides, aus viles &

143 286 1175 93 baſſes perſonnes: ie laiſſois la vieilleſſe en

145 371 1175 94 paix: Maintenant, penſant fraper un ieune,

143 445 1175 87 i’aſſeneray ſus un vieillart: au lieu de quel¬

145 522 1183 100 que beau galand, quelque petit laideron à

141 599 1185 90 la bouche torſe: & auiendra qu’ils ſeront les

145 683 1183 92 plus amoureus, & qui plus voudront auoir

143 756 1183 96 de faueur en amours: & poſſible par impor¬

151 832 1181 89 tunité, preſens, ou richeſſes, ou diſgrace de

151 911 1183 96 quelques Dames, viendront au deſſus de

153 989 1181 89 leur intencion: & viendra mon regne en

153 1068 1179 96 meſpris entre les hommes, quand ils y ver¬

155 1151 1179 82 ront tel deſordre & mauuais gouuernement.

157 1221 1175 98 Baſte: en aille comme il pourra. Voila tou¬

159 1302 1177 92 tes mes fleſches. Tel en ſoufrira, qui n’en

172 1392 352 88 pourra mais.

233 1453 1107 104 VENVS. Il eſtoit bien tems que ie te trou¬

165 1530 1179 98 uaſſe, mon cher fils, tant tu m’as donné de

170 1620 1176 92 peine. A quoy tient il, que tu n’es venu au

168 1687 1174 94 banquet de Iupiter? Tu as mis toute la com¬

178 1765 1164 106 pagnie en peine. Et en parlant de ton ab¬

167 1840 1179 108 ſence, Iupiter ha ouy dix mile pleintes de

172 1918 1172 107 toy d’une infinité d’artiſans, gens de labeur,

170 1995 1172 114 eſclaues, chambrieres, vieillars, vieilles eden¬

1220 2089 124 75 tees,
