1364 2328
244 17 458 41 DE FOLIE ET

60 50 1175 97 tees, crians tous à lupiter qu’ils ayment: &

60 139 1177 84 en ſont les plus aparens fachez, trouuant

56 209 1174 105 mauuais, que tu les ayes en cet endroit ega¬

56 285 1170 101 lez à ce vil populaire: & que la paſſion pro¬

62 362 1162 101 pre aus bons eſprits ſoit auiourdhui familie¬

54 440 1139 89 re & commune aus plus lourds & groſſiers.

122 514 1098 93 AM. Ne fuſt l’infortune, qui m’eſt aue¬

58 591 1164 93 nue, i’uſſe aſſiſter au banquet, comme les au¬

56 677 1162 93 tres, & ne fuſſent les pleintes, qu’auez ouyes,

54 752 287 89 eſté faites.

122 820 1108 99 VEN. Es tu bleſsé, mon fils? Qui t’a ainſi

60 907 421 86 bandé les yeus?

112 977 1112 95 AM. Folie m’a tiré les yeus: & de peur

60 1057 1162 83 qu’ils ne me fuſſent renduz, elle m’a mis ce

54 1140 1102 84 bandeau qui iamais ne me peut eſtre oté.

118 1212 1096 81 VEN. O quelle infortune! he moy miſe¬

48 1290 1168 83 rable! Donq tu ne me verras plus, cher en¬

48 1363 1170 95 fant? Au moins ſi te pouuois arroſer la plaie

52 1445 402 81 de mes larmes.

267 1520 693 82 Venus tache à deſnouer la bande.

120 1596 1098 84 AM. Tu pers ton tems: les neuz ſont in¬

48 1666 310 89 diſſolubles.

116 1746 1102 85 VEN. O maudite ennemie de toute ſa¬

58 1827 1160 91 pience, ô femme abandonnee, ô à tort nom¬

52 1905 1174 91 mee Deeſſe, & à plus grand tort immortelle.

65 1982 1165 105 Qui vid onq telle iniure? Si Iupiter, & les

745 2054 62 83 b

828 2077 50 72 4

1049 2056 181 99 Dieus
