1405 2357
727 3 198 61 BAT

137 70 1179 83 Dieus me croient. A tout le moins que ia¬

141 155 1171 80 mais cette meſchante n’ait pouuoir ſur toy,

145 227 261 83 mon fils.

206 298 1120 88 AM. A tard ſe feront ces defenſes, il les

151 383 1169 88 failloit faire auant que fuſſe aueugle: main¬

153 461 845 77 renant ne me ſeruiront gueres.

218 520 1108 100 VEN. Et donques Folie, la plus miſerable

153 610 1171 83 choſe du monde, ha le pouuoir d’oter à Ve¬

157 693 1171 90 nus le plus grand plaiſir qu’elle uſt en ce

157 773 1175 81 monde: qui eſtoit quand ſon fils Amour la

161 860 1169 65 voyoit. En ce eſtoit ſon contentement, ſon

161 925 1165 80 deſir, ſa felicité. Helas fils infortuné! O deſ¬

159 1001 1173 87 aſtre d’Amour! O mere deſolee! O Venus

153 1082 1177 90 ſans fruit belle! Tout ce que nous aque¬

157 1160 1169 75 rons, nous le laiſſons à nos enfans: mon tre¬

157 1237 1173 92 ſor n’eſt que beauté, de laquelle que chaut il

157 1314 1177 88 à un aueugle? Amour tant cheri de tout le

157 1396 1171 77 monde, comme as tu trouué beſte ſi furieu¬

157 1471 1169 86 ſe, qui t’ait fait outrage! Qu’ainſi ſoit dit,

159 1553 1167 87 que tous ceus qui aymeront (quelque fa¬

163 1626 1163 86 ueur qu’ils ayent) ne ſoient ſans mal, & in¬

161 1704 1167 91 fortune, à ce qu’ils ne ſe dient plus heureus,

161 1777 709 85 que le cher fils de Venus.

222 1858 1108 88 AM. Ceſſe tes pleintes douce mere: &

151 1936 1175 87 ne me redouble mon mal te voyant en¬

159 2013 1165 102 nuiee. Laiſſe moy porter ſeul mon infor¬

1194 2105 130 77 tune
