1364 2328
209 -1 807 66 DE FOLIE ET D'AMOVR.

31 62 1171 100 tune: & ne deſire point mal à ceus qui me

31 153 254 79 ſuiuront.

93 215 1106 93 VEN. Allons mon fils, vers Iupiter, &

27 292 1164 97 lui demandons vengeance de cette malheu¬

29 384 165 79 reuſe.

197 504 811 105 DISCOVRS III.

442 746 334 84 VENVS.

291 824 902 95 I ONQVES tu uz pitié de moy,

287 902 902 93 Iupiter, quand le fier Diomede

287 991 900 74 me naura, lors que tu me voyois

289 1065 890 79 trauailler pour ſauuer mon fils

32 1132 1157 84 Enee de l’impetuoſité des vents, vagues, &

31 1214 1158 91 autres dangers, eſquels il fut tant au ſiege de

36 1288 1157 85 Troye, que depuis: ſi mes pleurs pour la

27 1369 1158 86 mort de mon Adonis te murent à compaſ¬

29 1443 1160 83 ſion: la iuſte douleur, que i’ay pour l’iniure

23 1517 1170 83 faite à mon fils Amour, te deura faire auoir

31 1581 1160 108 pitié de moy. Ie dirois que c’eſt, ſi les larmes

23 1674 1166 93 ne m’empeſchoient. Mais regarde mon fils

21 1751 1164 93 en quel eſtat il eſt, & tu connoitras pour¬

27 1839 491 81 quoy ie me pleins.

79 1901 1110 97 IVP. Ma chere fille, que gaignes tu auec

25 1982 1160 105 ces pleintes me prouoquer à larmes? Ne

770 2062 132 103 b 5

1051 2068 140 93 ſcez
