1358 2357
131 54 1164 97 ſcez tu l’amour que ie t’ay portee de toute

135 141 1160 84 memoire? As tu defiance, ou que ie ne te

135 216 991 92 veuille ſecourir, ou que ie ne puiſſe?

204 290 1091 94 VEN. Eſtant la plus afligee mere du mon¬

131 373 1166 84 de, ie ne puis parler, que comme les afligees.

141 449 1160 85 Encore que vous m’ayez tant montré de fa¬

141 518 1161 94 ueur & d’amitié, ſi eſt ce que ie n’oſe vous

135 602 1166 89 ſuplier, que de ce que facilement vous otroi¬

137 681 1165 88 riez au plus eſtrange de la terre. Ie vous de¬

137 756 1164 90 mande iuſtice, & vengeance de la plus mal¬

135 834 1169 93 heureuſe femme qui fuſt iamais, qui m’a mis

137 913 1165 88 mon fils Cupidon en tel ordre que voyez.

139 991 1162 89 C’eſt Folie, la plus outrageuſe Furie qui on¬

147 1072 509 79 ques fut es Enſers.

194 1141 1107 88 IVP. Folie! ha elle eſté ſi hardie d’atenter

141 1225 1163 90 à ce, qui plus vous eſtoit cher? Croyez que ſi

137 1304 1165 90 elle vous ha fait tort, que telle punicion en

137 1378 1169 83 ſera faite, qu’elle ſera exemplaire. Ie penſois

139 1457 1173 92 qu’il n’y uſt plus debats & noiſes qu’entre les

139 1532 1169 84 hommes: mais ſi cette outrecuidee ha fait

141 1608 1167 89 quelque deſordre ſi pres de ma perſonne, il

131 1687 1177 84 lui ſera cher vẽdu. Toutefois il la faut ouir, à

135 1767 1171 91 fin qu’elle ne ſe puiſſe pleindre. Car encore

139 1844 1165 90 que ie puſſe ſauoir de moymeſme la verité

139 1922 1169 91 du fait, ſi ne véus ie point mettre en auant

143 2007 1159 96 cette coutume, qui pourroit tourner à con¬

1124 2078 180 100 ſequen
