1364 2331
215 0 369 50 DE FOLIE

34 62 1176 91 ſequence, de condamner une perſonne ſans

33 126 934 109 I'ouir. Pource, que Folie ſoit apelee.

110 207 1094 97 FOLIE. Haut & ſouuerein lupiter, me

42 283 1164 91 voici preſte à reſpondre à tout ce qu’Amour

38 359 1168 99 me voudra demander. Toutefois i’ay vne re¬

38 439 1176 97 queſte à te faire. Pource que ie ſay que de

50 514 1160 97 premier bõd la plus part de ces ieunes Dieus

40 592 1172 93 ſeront du coté d’Amour, & pourront faire

44 675 1164 80 trouuer ma cauſe mauuaiſe en m’interrom¬

46 747 1170 97 pant, & ayder celle d’Amour acompagnant

40 827 1170 80 ſon parler de douces acclamacions: ie te ſu¬

42 903 1170 95 plie qu’il y ait quelcun des Dieus qui parle

50 984 1162 88 pour moy, & quelque autre pour Amour: à

42 1056 1170 93 fin que la qualité des perſonnes ne ſoit plus

44 1134 1166 91 tot conſideree, que la verité du fait. Et pour¬

44 1217 1168 82 ce que ie crein ne trouuer aucun, qui, de

48 1282 1162 91 peur d’eſtre apelé fol, ou ami de Folie, veuil¬

42 1367 1168 91 le parler pour moy: ie te ſuplie commander

48 1441 1160 95 à quelcun de me prendre en ſa garde & pro¬

44 1530 233 68 teccion.

106 1594 1108 92 IVP. Demande qui tu voudras, & ie le

50 1678 779 89 chargeray de parler pour toy.

104 1752 1110 89 FOL. Ie te ſuplie donq que Mercure en

44 1827 1166 92 ait la charge. Car combien qu’il ſoit des

54 1903 1162 86 grans amis de Venus, ſi ſuís ie ſeure, que s’il

46 1981 1174 109 entreprent parler pour moy, il n’oublira rien

1115 2062 103 98 qui
