1382 2357
780 25 130 39 AT

137 64 588 99 qui ſerue à ma cauſe.

196 143 1117 88 IVP. Mercure, il ne faut iamais refuſer de

149 221 1160 97 porter parole pour un miſerable & afligé:

139 302 1176 81 Car ou tu le mettras hors de peine, & ſera ta

139 379 1176 92 louenge plus grande, d’autãt qu’auras moins

139 455 1180 94 ù de regard aus faueurs & richeſſes, qu’à la

133 534 1184 80 iuſtice & droit d’un poure homme: ou ta

145 616 1172 87 priere ne lui ſeruira de rien, & neanmoins

137 687 1176 98 ta pitié, bonté & diligence, ſeront recom¬

137 766 1180 92 mandees. A cette cauſe tu ne dois diferer

137 842 1182 98 ce que cette poure afligee te demande: Et

143 921 1134 86 ainſi ie veus & commande que tu le faces.

208 995 1107 95 MERC. C’eſt choſe bien dure à Mercure

141 1074 1176 98 moyenner deſplaiſir à Venus. Toutefois,

145 1156 1170 95 puis que tu me contreins, ie feray mon de¬

145 1231 1170 96 uoir tant que Folie aura raiſon de ſe con¬

145 1329 200 63 tenter.

204 1382 1113 98 IVP. Et toy, Venus, quel des Dieus choi¬

141 1461 1176 100 ſiras tu? l’affeccion maternelle, que tu portes

143 1543 1174 85 à ton fils, & l’enuie de voir venger l’iniure,

147 1618 1172 98 qui lui ha eſté faite, te pourroit tranſporter.

159 1710 1158 83 Ton fils eſtant irrité, & nauré recentement,

143 1769 1181 108 n’y pourroit pareillement ſatisfaire. A cette

149 1856 1166 92 cauſe, choiſi quel autre tu voudras pour par¬

145 1926 1174 101 ler pour vous: & croy qu’il ne lui ſera beſoin

147 2003 1170 116 lui commander: & que celui, à qui tu t’adreſ¬

1187 2083 134 91 ſeras
