1353 2331
200 -3 806 72 DE FOLIE ET D'AMOVR.

1160 15 60 84 29

19 71 1170 97 ſeras, ſera plus aiſe de te faire plaiſir en cet

21 157 1162 93 endroit, que toy de le requerir. Neanmoins

23 229 1073 91 s’il en eſt beſoin, ie le lui commanderay.

85 306 1094 88 VEN. Encor que lon ait ſemé par le mon¬

21 382 1162 90 de, que la maiſon d’Apolon & la mienne ne

25 460 1160 87 s’acordoient gueres bien: ſi le croís ie de ſi

21 540 1162 85 bonne ſorte qu’il ne me voudra eſconduire

25 613 1160 84 en cette neceſſité, lui requerant ſon ayde à

23 693 1162 78 ceſtui mien extreme beſoin: & montrera

29 777 1156 75 par l’iſſue de cette afaire, combien il y ha

25 843 1156 97 plus d’amitié entre nous, que les hommes

19 926 311 72 ne cuident.

68 990 1111 95 APOL. Ne me prie point, Deeſſe de

17 1076 1162 81 beauté: & ne fais dificulté que ne te veuille

17 1148 1162 85 autant de bien, comme merite la plus belle

15 1227 1164 91 des Deeſſes. Et outre le témoignage, qu’en

25 1305 1153 83 pourroiẽt rendre tes iardins, qui ſont en Cy¬

25 1383 1154 89 pre & Ida, ſi bien par moy entretenus, qu’il

17 1458 1161 90 n’y ha rien plus plaiſant au monde: encore

17 1536 1161 85 connoitras tu par l’iſſue de cette querelle

17 1608 1161 99 combien ie te porte d’affeccion & me ſens

13 1688 1165 85 fort aiſe que, te retirant vers moy en cet afai¬

11 1767 1163 82 re, tu declaires aus hommes comme fauſſe¬

13 1843 1159 87 ment ils ont controuué, que tu auois coniu¬

15 1919 715 93 ré contre toute ma maiſon.

58 1991 1121 112 IVP. Retirez vous donq un chacun, &

997 2092 177 81 reuen
