1382 2357
115 5 50 95 30

151 86 1166 90 reuenez demain à ſemblable heure, & nous

149 155 1164 116 mettrons peine d’entendre & vuider vos

151 261 281 94 querelles.

330 381 837 102 DISCOVRS IIII.

399 612 703 106 Cupidon vient donner le bon iour

640 703 230 82 à Iupiter.

515 787 460 77 IVPITER.

432 846 891 108 VE dis tu petit mignon? Tant que

434 938 881 85 ton diferent ſoit terminé, nous

432 1015 885 92 n’aurons plaiſir de toy. Mais ou

432 1101 328 75 eſt ta mere?

228 1162 1096 104 AM. Elle eſt allee vers Apolon, pour l’a¬

159 1241 1171 104 mener au conſiſtoire des Dieus. Ce pendant

157 1323 1169 101 elle m’a comandé venir vers toy te donner

161 1410 340 82 le bon iour.

230 1469 1098 108 IVP. Ie la plein bien pour l’ennui qu’elle

163 1555 1163 98 porte de ta fortune. Mais ie m’esbahi com¬

157 1628 1173 96 me, ayant tant ofensé de hauts Dieus &

169 1714 1163 102 grans Signeurs, tu n’as iamais ù mal que par

167 1795 188 88 Folie!

224 1860 1104 100 AM. C’eſt pource que les Dieus & hom¬

167 1942 1159 94 mes, bien auiſez, creingnent que ne leur fa¬

174 2019 1158 118 ce pis. Mais Folie n’a pas la conſideracion

568 -5 365 87 DEBAT

1277 2087 59 114 &
