<?xml version="1.0" encoding="UTF-8"?>
<alto xmlns:xsi="http://www.w3.org/2001/XMLSchema-instance"
      xmlns="http://www.loc.gov/standards/alto/ns-v4#"
      xsi:schemaLocation="http://www.loc.gov/standards/alto/ns-v4# http://www.loc.gov/standards/alto/v4/alto-4-2.xsd">
  <Description>
    <MeasurementUnit>pixel</MeasurementUnit>
    <sourceImageInformation>
      <fileName>41.jpg</fileName>
      
    </sourceImageInformation>
  </Description>
  
  <Tags>
    <OtherTag ID="BT4319" LABEL="RunningTitleZone" DESCRIPTION="block type RunningTitleZone"/><OtherTag ID="BT4318" LABEL="QuireMarksZone" DESCRIPTION="block type QuireMarksZone"/><OtherTag ID="BT4317" LABEL="NumberingZone" DESCRIPTION="block type NumberingZone"/><OtherTag ID="BT4316" LABEL="MarginTextZone" DESCRIPTION="block type MarginTextZone"/><OtherTag ID="BT4315" LABEL="MainZone" DESCRIPTION="block type MainZone"/><OtherTag ID="BT4314" LABEL="GraphicZone" DESCRIPTION="block type GraphicZone"/><OtherTag ID="BT4313" LABEL="DropCapitalZone" DESCRIPTION="block type DropCapitalZone"/><OtherTag ID="BT4321" LABEL="TitlePageZone" DESCRIPTION="block type TitlePageZone"/><OtherTag ID="BT4320" LABEL="StampZone" DESCRIPTION="block type StampZone"/>
    <OtherTag ID="LT1422" LABEL="DefaultLine" DESCRIPTION="line type DefaultLine"/><OtherTag ID="LT1421" LABEL="DropCapitalLine" DESCRIPTION="line type DropCapitalLine"/><OtherTag ID="LT1420" LABEL="HeadingLine" DESCRIPTION="line type HeadingLine"/>
  </Tags>
  
  <Layout>
    <Page WIDTH="1353"
          HEIGHT="2343"
          PHYSICAL_IMG_NR="40"
          ID="eSc_dummypage_">
      <PrintSpace HPOS="0"
                  VPOS="0"
                  WIDTH="1353"
                  HEIGHT="2343">
        
        <TextBlock HPOS="1173"
                   VPOS="23"
                   WIDTH="60"
                   HEIGHT="60"
                   ID="eSc_textblock_2c51e2eb"
                   TAGREFS="BT4317">
          <Shape><Polygon POINTS="1233 31 1233 76 1173 83 1196 23"/></Shape>
          
          
          <TextLine ID="eSc_line_3421ca49"
                    TAGREFS="LT1422"
                    BASELINE="1180 76 1225 68" 
                    HPOS="1171"
                    VPOS="23"
                    WIDTH="60"
                    HEIGHT="94">
            <Shape><Polygon POINTS="1180 76 1171 33 1214 23 1225 68 1231 113 1186 117"/></Shape>
	    <String CONTENT="31"
                    HPOS="1171"
                    VPOS="23"
                    WIDTH="60"
                    HEIGHT="94"></String>
          </TextLine>

          
        </TextBlock>
        
        <TextBlock HPOS="23"
                   VPOS="97"
                   WIDTH="1187"
                   HEIGHT="1994"
                   ID="eSc_textblock_eae58df0"
                   TAGREFS="BT4315">
          <Shape><Polygon POINTS="584 138 1202 187 1210 318 1194 357 1155 359 1194 374 1210 437 1194 2020 242 2020 177 2083 99 2091 46 2091 23 2059 31 140 46 101 141 97 593 97"/></Shape>
          
          
          <TextLine ID="eSc_line_35121042"
                    TAGREFS="LT1420"
                    BASELINE="217 66 1008 66" 
                    HPOS="215"
                    VPOS="-3"
                    WIDTH="793"
                    HEIGHT="77">
            <Shape><Polygon POINTS="217 66 215 0 1006 -3 1008 66 1008 74 217 74"/></Shape>
	    <String CONTENT="DE FOLIE ET D&#x27;AMOVR."
                    HPOS="215"
                    VPOS="-3"
                    WIDTH="793"
                    HEIGHT="77"></String>
          </TextLine>

          
          
          <TextLine ID="eSc_line_07012348"
                    TAGREFS="LT1422"
                    BASELINE="37 162 545 148" 
                    HPOS="31"
                    VPOS="85"
                    WIDTH="514"
                    HEIGHT="94">
            <Shape><Polygon POINTS="37 162 31 105 103 93 103 93 105 93 105 93 105 93 107 93 107 93 130 103 144 107 179 101 234 93 234 93 236 93 236 93 236 93 238 93 238 93 238 93 240 93 250 101 254 103 277 101 330 93 330 93 332 93 332 93 332 93 334 93 334 93 349 99 353 101 359 99 392 85 392 85 394 85 394 85 396 85 396 85 396 85 453 97 465 99 539 97 545 148 543 158 37 179"/></Shape>
	    <String CONTENT="&amp; iugement ſi bon."
                    HPOS="31"
                    VPOS="85"
                    WIDTH="514"
                    HEIGHT="94"></String>
          </TextLine>

          
          
          <TextLine ID="eSc_line_9bcfd877"
                    TAGREFS="LT1422"
                    BASELINE="95 236 711 226 1192 232" 
                    HPOS="93"
                    VPOS="105"
                    WIDTH="1099"
                    HEIGHT="144">
            <Shape><Polygon POINTS="95 236 93 181 174 191 209 181 211 181 211 181 211 181 213 181 213 181 215 181 215 181 215 181 217 181 217 181 232 195 252 187 252 187 254 187 254 187 254 187 256 187 256 187 258 187 291 197 308 181 308 179 308 179 310 179 310 179 310 179 312 179 312 179 312 179 314 179 396 183 469 162 471 162 471 162 473 162 473 162 473 162 475 162 475 162 475 162 504 177 557 158 557 158 559 158 559 158 561 158 561 158 563 158 617 171 715 150 715 150 715 150 717 150 717 150 717 150 719 150 782 169 868 158 868 158 870 158 870 158 872 158 930 173 960 171 1026 113 1034 105 1034 105 1036 105 1036 105 1036 105 1038 105 1038 105 1040 105 1141 105 1192 232 1188 244 504 238 95 249"/></Shape>
	    <String CONTENT="IVP. Pour le moins te deuroient ils haïr,"
                    HPOS="93"
                    VPOS="105"
                    WIDTH="1099"
                    HEIGHT="144"></String>
          </TextLine>

          
          
          <TextLine ID="eSc_line_0878d9c9"
                    TAGREFS="LT1422"
                    BASELINE="37 314 541 304 1194 308" 
                    HPOS="33"
                    VPOS="234"
                    WIDTH="1161"
                    HEIGHT="94">
            <Shape><Polygon POINTS="37 314 33 257 158 242 158 242 160 242 160 242 217 249 261 236 263 236 263 236 263 236 265 236 338 240 338 240 340 240 340 240 340 240 342 240 363 253 475 236 475 236 477 236 477 236 477 236 479 236 479 236 520 251 598 234 598 234 598 234 600 234 690 238 690 238 690 238 692 238 692 238 692 238 719 253 768 253 785 236 785 234 785 234 787 234 787 234 787 234 789 234 789 234 789 234 791 234 791 234 793 234 842 247 856 236 856 236 858 236 858 236 860 236 860 236 860 236 920 234 922 234 922 234 924 234 924 234 924 234 926 234 950 249 1051 234 1051 234 1053 234 1053 234 1053 234 1055 234 1055 234 1055 234 1057 234 1079 249 1147 253 1194 308 1190 316 371 316 238 326 238 326 236 326 236 326 236 326 236 326 234 326 234 326 232 326 232 326 218 316 37 328"/></Shape>
	    <String CONTENT="encore qu’ils ne t’oſaſſent ofenſer. Toute¬"
                    HPOS="33"
                    VPOS="234"
                    WIDTH="1161"
                    HEIGHT="94"></String>
          </TextLine>

          
          
          <TextLine ID="eSc_line_7b50cf8a"
                    TAGREFS="LT1422"
                    BASELINE="37 390 932 380" 
                    HPOS="31"
                    VPOS="314"
                    WIDTH="901"
                    HEIGHT="90">
            <Shape><Polygon POINTS="37 390 31 333 64 320 64 320 66 320 66 320 66 320 68 320 203 329 570 314 572 314 928 324 932 380 932 386 37 404"/></Shape>
	    <String CONTENT="fois tous tant qu’ils ſont t’ayment."
                    HPOS="31"
                    VPOS="314"
                    WIDTH="901"
                    HEIGHT="90"></String>
          </TextLine>

          
          
          <TextLine ID="eSc_line_b382473a"
                    TAGREFS="LT1422"
                    BASELINE="91 464 1194 458" 
                    HPOS="89"
                    VPOS="386"
                    WIDTH="1105"
                    HEIGHT="92">
            <Shape><Polygon POINTS="91 464 89 406 191 406 191 404 224 390 224 390 226 390 226 390 226 390 228 390 228 390 230 390 277 404 297 390 299 390 299 390 299 390 301 390 301 390 303 390 303 390 303 390 367 404 369 404 373 404 430 390 430 390 430 390 432 390 580 402 621 388 623 388 623 388 623 388 625 388 625 388 711 402 713 402 713 402 823 386 823 386 825 386 825 386 825 386 827 386 877 402 950 402 987 386 987 386 989 386 989 386 991 386 991 386 991 386 993 386 993 386 993 386 1018 400 1079 388 1079 388 1081 388 1081 388 1190 402 1194 458 1194 464 1163 476 1163 476 1161 476 1161 476 1161 478 91 478"/></Shape>
	    <String CONTENT="AM. Ie ſerois bien ridicule, ſi ayant le pou¬"
                    HPOS="89"
                    VPOS="386"
                    WIDTH="1105"
                    HEIGHT="92"></String>
          </TextLine>

          
          
          <TextLine ID="eSc_line_9f5d9f1d"
                    TAGREFS="LT1422"
                    BASELINE="37 540 1196 536" 
                    HPOS="33"
                    VPOS="466"
                    WIDTH="1163"
                    HEIGHT="80">
            <Shape><Polygon POINTS="37 540 33 486 109 468 109 468 109 468 111 468 111 468 113 468 113 468 113 468 115 468 134 482 193 468 193 468 193 468 195 468 195 468 195 468 197 468 197 468 199 468 220 482 265 468 267 468 267 468 267 468 269 468 269 468 269 468 334 482 396 468 396 468 396 468 398 468 398 468 398 468 400 468 400 468 402 468 422 480 459 468 461 468 461 468 461 468 463 468 463 468 465 468 512 482 535 470 535 470 535 470 537 470 537 470 537 470 539 470 674 480 694 468 696 468 696 468 698 468 698 468 698 468 699 468 699 468 699 468 701 468 735 480 748 468 748 466 748 466 750 466 750 466 750 466 752 466 752 466 754 466 807 466 807 466 807 466 809 466 809 466 809 466 811 466 811 468 825 480 856 466 856 466 858 466 858 466 858 466 860 466 860 466 860 466 862 466 903 480 940 466 940 466 942 466 942 466 944 466 944 466 1046 480 1102 466 1104 466 1104 466 1106 466 1106 466 1192 482 1196 536 1196 542 37 546"/></Shape>
	    <String CONTENT="uoir de faire les hommes eſtre aymez, ne"
                    HPOS="33"
                    VPOS="466"
                    WIDTH="1163"
                    HEIGHT="80"></String>
          </TextLine>

          
          
          <TextLine ID="eSc_line_5ef36c35"
                    TAGREFS="LT1422"
                    BASELINE="39 618 741 609" 
                    HPOS="35"
                    VPOS="538"
                    WIDTH="706"
                    HEIGHT="98">
            <Shape><Polygon POINTS="39 618 35 562 211 544 213 544 213 544 213 544 273 556 351 542 351 542 351 542 353 542 353 542 420 552 455 540 455 540 457 540 457 540 459 540 459 540 594 552 633 538 633 538 635 538 635 538 637 538 637 538 637 538 639 538 674 550 698 538 698 538 698 538 699 538 699 538 699 538 701 538 701 538 703 538 703 538 739 552 741 609 737 624 326 622 39 636"/></Shape>
	    <String CONTENT="me faiſois auſſi eſtre aymé."
                    HPOS="35"
                    VPOS="538"
                    WIDTH="706"
                    HEIGHT="98"></String>
          </TextLine>

          
          
          <TextLine ID="eSc_line_2a4ec97c"
                    TAGREFS="LT1422"
                    BASELINE="107 693 1192 689" 
                    HPOS="103"
                    VPOS="618"
                    WIDTH="1089"
                    HEIGHT="88">
            <Shape><Polygon POINTS="107 693 103 636 201 634 230 620 230 620 232 620 232 620 234 620 418 620 418 620 418 620 420 620 420 620 420 620 422 620 422 620 434 630 447 620 449 620 449 620 449 620 451 620 451 620 451 620 453 620 613 632 621 632 623 632 676 618 678 618 678 618 680 618 680 618 680 618 682 618 729 632 866 632 915 618 916 618 916 618 918 618 918 618 993 630 997 630 1003 630 1145 618 1147 618 1147 618 1147 618 1149 618 1190 630 1192 689 1188 706 105 698"/></Shape>
	    <String CONTENT="IVP. Si eſt il bien contre nature, que"
                    HPOS="103"
                    VPOS="618"
                    WIDTH="1089"
                    HEIGHT="88"></String>
          </TextLine>

          
          
          <TextLine ID="eSc_line_821ec377"
                    TAGREFS="LT1422"
                    BASELINE="37 769 1192 765" 
                    HPOS="31"
                    VPOS="697"
                    WIDTH="1161"
                    HEIGHT="85">
            <Shape><Polygon POINTS="37 769 31 714 76 698 78 698 78 698 78 698 80 698 80 698 80 698 140 710 430 698 432 698 432 698 510 710 510 710 510 710 553 698 555 698 555 698 557 698 557 698 557 698 559 698 559 698 559 698 580 710 596 698 598 698 598 698 598 698 600 698 600 698 600 698 602 698 602 698 680 708 715 697 715 697 717 697 717 697 719 697 1188 708 1192 765 1190 775 37 782"/></Shape>
	    <String CONTENT="ceus qui ont recu tout mauuais traitement"
                    HPOS="31"
                    VPOS="697"
                    WIDTH="1161"
                    HEIGHT="85"></String>
          </TextLine>

          
          
          <TextLine ID="eSc_line_c65e0846"
                    TAGREFS="LT1422"
                    BASELINE="37 843 1192 847" 
                    HPOS="35"
                    VPOS="784"
                    WIDTH="1157"
                    HEIGHT="75">
            <Shape><Polygon POINTS="37 843 37 784 1190 784 1192 847 1190 859 35 859"/></Shape>
	    <String CONTENT="de toy, t’ayment autant comme ceus qui"
                    HPOS="35"
                    VPOS="784"
                    WIDTH="1157"
                    HEIGHT="75"></String>
          </TextLine>

          
          
          <TextLine ID="eSc_line_fb349f15"
                    TAGREFS="LT1422"
                    BASELINE="37 919 641 919" 
                    HPOS="35"
                    VPOS="851"
                    WIDTH="606"
                    HEIGHT="90">
            <Shape><Polygon POINTS="37 919 35 864 238 851 240 851 240 851 342 859 383 863 396 859 422 851 424 851 424 851 424 851 426 851 426 851 475 859 510 863 639 857 641 919 641 929 183 941 181 941 35 929"/></Shape>
	    <String CONTENT="ont ù pluſieurs faueurs."
                    HPOS="35"
                    VPOS="851"
                    WIDTH="606"
                    HEIGHT="90"></String>
          </TextLine>

          
          
          <TextLine ID="eSc_line_20e9f2f7"
                    TAGREFS="LT1422"
                    BASELINE="93 995 1192 999" 
                    HPOS="89"
                    VPOS="923"
                    WIDTH="1103"
                    HEIGHT="90">
            <Shape><Polygon POINTS="93 995 93 933 320 937 359 933 430 925 430 925 432 925 432 925 432 925 434 925 459 933 469 937 480 933 510 923 510 923 512 923 512 923 514 923 514 923 514 923 516 923 516 923 516 923 535 933 535 933 537 933 641 923 641 923 643 923 643 923 701 933 750 925 750 925 752 925 752 925 752 925 754 925 754 925 754 925 756 925 770 935 778 941 1012 941 1024 935 1051 925 1051 925 1053 925 1053 925 1055 925 1055 925 1055 925 1057 925 1094 935 1108 939 1188 937 1192 999 1190 1007 148 1013 146 1013 146 1013 89 1001"/></Shape>
	    <String CONTENT="AMOVR. En ce ſe montre la grandeur"
                    HPOS="89"
                    VPOS="923"
                    WIDTH="1103"
                    HEIGHT="90"></String>
          </TextLine>

          
          
          <TextLine ID="eSc_line_3d86108a"
                    TAGREFS="LT1422"
                    BASELINE="37 1069 1198 1075" 
                    HPOS="33"
                    VPOS="999"
                    WIDTH="1165"
                    HEIGHT="92">
            <Shape><Polygon POINTS="37 1069 37 1005 232 1011 267 1005 295 999 295 999 295 999 297 999 297 999 297 999 299 999 299 999 301 999 301 999 301 999 305 1005 314 1013 453 1013 469 1005 477 1001 477 1001 479 1001 479 1001 479 1001 480 1001 480 1001 482 1001 482 1001 482 1001 484 1001 484 1001 486 1005 500 1015 664 1015 684 1005 692 1001 692 1001 694 1001 694 1001 694 1001 696 1001 696 1001 719 1005 774 1013 799 1005 807 1001 807 1001 809 1001 809 1001 811 1001 811 1001 811 1001 813 1001 813 1001 815 1001 815 1001 815 1003 817 1005 830 1015 913 1005 926 1003 926 1003 928 1003 928 1003 930 1003 930 1003 930 1003 932 1003 932 1003 932 1005 932 1005 944 1015 977 1005 981 1003 983 1003 983 1003 985 1003 1046 1003 1046 1003 1046 1003 1047 1003 1047 1003 1047 1003 1049 1003 1049 1005 1067 1015 1196 1005 1198 1075 1194 1091 33 1085"/></Shape>
	    <String CONTENT="d’Amour, quand on ayme celui dont on eſt"
                    HPOS="33"
                    VPOS="999"
                    WIDTH="1165"
                    HEIGHT="92"></String>
          </TextLine>

          
          
          <TextLine ID="eSc_line_60199e82"
                    TAGREFS="LT1422"
                    BASELINE="33 1150 314 1148" 
                    HPOS="27"
                    VPOS="1079"
                    WIDTH="287"
                    HEIGHT="86">
            <Shape><Polygon POINTS="33 1150 27 1091 132 1079 132 1079 134 1079 134 1079 136 1079 136 1079 162 1089 162 1089 162 1089 181 1079 181 1079 181 1079 183 1079 183 1079 183 1079 185 1079 310 1089 314 1148 314 1155 33 1165"/></Shape>
	    <String CONTENT="mal traité."
                    HPOS="27"
                    VPOS="1079"
                    WIDTH="287"
                    HEIGHT="86"></String>
          </TextLine>

          
          
          <TextLine ID="eSc_line_fdae56cc"
                    TAGREFS="LT1422"
                    BASELINE="91 1224 1192 1232" 
                    HPOS="87"
                    VPOS="1150"
                    WIDTH="1107"
                    HEIGHT="91">
            <Shape><Polygon POINTS="91 1224 93 1150 132 1163 310 1153 355 1151 357 1151 357 1151 357 1151 359 1151 359 1151 359 1151 361 1151 365 1155 383 1165 479 1157 522 1153 523 1153 523 1153 523 1153 525 1153 525 1153 525 1153 527 1153 533 1157 545 1165 637 1159 719 1155 721 1155 721 1155 721 1155 723 1155 723 1155 737 1161 748 1167 780 1163 819 1157 819 1157 821 1157 821 1157 821 1157 823 1157 823 1157 823 1157 825 1157 825 1157 825 1159 830 1163 834 1167 854 1163 887 1159 887 1159 889 1159 1016 1167 1053 1169 1067 1169 1163 1157 1163 1157 1165 1157 1165 1157 1167 1157 1167 1157 1167 1157 1194 1171 1192 1232 1188 1241 87 1237"/></Shape>
	    <String CONTENT="IVP. Ie ſay fort bien par experience, qu’il"
                    HPOS="87"
                    VPOS="1150"
                    WIDTH="1107"
                    HEIGHT="91"></String>
          </TextLine>

          
          
          <TextLine ID="eSc_line_3fc1ef40"
                    TAGREFS="LT1422"
                    BASELINE="31 1300 1188 1306" 
                    HPOS="25"
                    VPOS="1232"
                    WIDTH="1163"
                    HEIGHT="93">
            <Shape><Polygon POINTS="31 1300 31 1232 152 1243 408 1235 410 1235 410 1235 410 1235 412 1235 443 1247 523 1247 533 1237 533 1235 533 1235 535 1235 535 1235 535 1235 537 1235 537 1235 537 1235 539 1235 746 1245 772 1235 772 1235 774 1235 774 1235 774 1235 776 1235 776 1235 778 1235 778 1235 778 1235 803 1247 1184 1237 1188 1306 1186 1314 1132 1325 1132 1325 1130 1325 320 1312 66 1321 64 1321 64 1321 62 1321 62 1321 25 1308"/></Shape>
	    <String CONTENT="n’eſt point en nous d’eſtre aymez: car, quel¬"
                    HPOS="25"
                    VPOS="1232"
                    WIDTH="1163"
                    HEIGHT="93"></String>
          </TextLine>

          
          
          <TextLine ID="eSc_line_1130492d"
                    TAGREFS="LT1422"
                    BASELINE="35 1374 1192 1386" 
                    HPOS="31"
                    VPOS="1306"
                    WIDTH="1163"
                    HEIGHT="101">
            <Shape><Polygon POINTS="35 1374 35 1319 175 1319 199 1308 199 1308 201 1308 201 1308 201 1308 203 1308 203 1308 203 1308 260 1319 299 1306 299 1306 301 1306 301 1306 303 1306 303 1306 303 1306 305 1306 305 1306 306 1306 328 1319 353 1306 353 1306 353 1306 355 1306 355 1306 355 1306 357 1306 357 1306 359 1306 359 1306 359 1306 361 1306 361 1306 379 1319 457 1312 457 1312 459 1312 459 1312 461 1312 461 1312 461 1312 463 1312 463 1312 463 1314 473 1323 619 1323 649 1310 649 1310 649 1310 651 1310 651 1310 651 1310 653 1310 653 1310 737 1323 801 1310 801 1310 801 1310 803 1310 803 1310 803 1310 875 1325 938 1315 938 1315 940 1315 940 1315 940 1315 942 1315 965 1323 981 1312 983 1312 983 1312 983 1312 985 1312 985 1312 987 1312 987 1312 1089 1321 1149 1314 1149 1314 1151 1314 1151 1314 1151 1314 1153 1314 1153 1314 1194 1331 1192 1386 1192 1394 1147 1407 1145 1407 1145 1407 1145 1407 1143 1407 965 1394 946 1394 932 1394 832 1405 832 1405 830 1405 830 1405 829 1405 829 1405 829 1405 805 1394 797 1392 778 1394 733 1401 733 1401 731 1401 731 1401 731 1401 729 1401 729 1401 727 1401 717 1394 709 1390 592 1390 582 1394 576 1399 574 1399 574 1399 574 1399 572 1399 572 1399 572 1399 570 1399 490 1394 441 1392 437 1394 432 1399 432 1401 432 1401 430 1401 430 1401 430 1401 428 1401 428 1401 426 1401 426 1401 369 1394 316 1388 283 1394 258 1399 258 1399 258 1399 256 1399 256 1399 254 1399 234 1394 203 1386 189 1394 185 1397 183 1397 183 1397 183 1397 181 1397 181 1397 179 1397 31 1394"/></Shape>
	    <String CONTENT="que grand degré ou ie ſois, ſi áy ie eſté bien"
                    HPOS="31"
                    VPOS="1306"
                    WIDTH="1163"
                    HEIGHT="101"></String>
          </TextLine>

          
          
          <TextLine ID="eSc_line_104c6171"
                    TAGREFS="LT1422"
                    BASELINE="37 1450 1188 1458" 
                    HPOS="35"
                    VPOS="1384"
                    WIDTH="1153"
                    HEIGHT="99">
            <Shape><Polygon POINTS="37 1450 37 1397 258 1397 258 1397 295 1384 295 1384 297 1384 297 1384 299 1384 299 1384 299 1384 301 1384 301 1384 301 1384 303 1384 303 1384 303 1386 314 1397 355 1399 389 1399 392 1399 428 1386 428 1386 430 1386 430 1386 432 1386 432 1386 432 1386 434 1386 482 1399 484 1399 486 1399 568 1386 568 1386 570 1386 680 1388 680 1388 680 1388 682 1388 682 1388 682 1388 684 1388 684 1388 684 1390 696 1401 698 1401 703 1401 787 1390 787 1390 789 1390 789 1390 920 1401 963 1390 965 1390 965 1390 965 1390 967 1390 967 1390 969 1390 969 1390 1008 1403 1010 1403 1016 1403 1092 1392 1092 1392 1094 1392 1094 1392 1186 1405 1188 1458 1188 1468 1163 1481 1163 1481 1163 1481 1161 1481 1161 1481 1159 1481 1159 1481 1159 1481 1157 1481 1118 1470 1089 1481 1089 1481 1087 1481 1087 1481 1087 1483 975 1483 973 1481 727 1470 610 1466 563 1472 516 1478 516 1478 514 1478 434 1472 312 1464 35 1474"/></Shape>
	    <String CONTENT="peu aymé: &amp; tout le bien qu’ay reçu, l’ay"
                    HPOS="35"
                    VPOS="1384"
                    WIDTH="1153"
                    HEIGHT="99"></String>
          </TextLine>

          
          
          <TextLine ID="eSc_line_a85a055f"
                    TAGREFS="LT1422"
                    BASELINE="39 1528 1188 1540" 
                    HPOS="35"
                    VPOS="1460"
                    WIDTH="1153"
                    HEIGHT="102">
            <Shape><Polygon POINTS="39 1528 35 1474 80 1460 82 1460 82 1460 84 1460 84 1460 84 1460 86 1460 86 1460 86 1460 87 1460 87 1462 101 1474 101 1474 103 1474 132 1462 132 1462 134 1462 134 1462 136 1462 136 1462 136 1462 138 1462 138 1462 138 1462 162 1474 164 1476 279 1476 281 1474 316 1462 318 1462 318 1462 318 1462 320 1462 320 1462 320 1462 322 1462 322 1462 324 1462 324 1462 340 1474 342 1476 353 1474 402 1466 402 1466 404 1466 404 1466 404 1466 406 1466 406 1466 408 1466 422 1474 428 1478 439 1474 477 1464 479 1464 479 1464 480 1464 480 1464 480 1464 482 1464 482 1464 506 1474 514 1478 527 1474 555 1468 557 1468 557 1468 559 1468 653 1476 670 1476 672 1476 694 1466 694 1466 696 1466 696 1466 696 1466 698 1466 864 1476 999 1485 1096 1485 1116 1476 1134 1470 1134 1470 1135 1470 1135 1470 1137 1470 1137 1470 1186 1478 1188 1540 1186 1550 1134 1550 1134 1550 1120 1562 1120 1562 1118 1562 1118 1562 1118 1562 1116 1562 1116 1562 1116 1562 1114 1562 1114 1562 1112 1562 1065 1550 1065 1550 1063 1550 866 1560 864 1560 707 1550 610 1544 439 1550 330 1554 328 1554 328 1554 306 1550 261 1542 242 1550 234 1554 234 1554 232 1554 232 1554 232 1554 230 1554 230 1554 205 1550 138 1540 37 1550"/></Shape>
	    <String CONTENT="plus tot ù par force &amp; fineſſe, que par"
                    HPOS="35"
                    VPOS="1460"
                    WIDTH="1153"
                    HEIGHT="102"></String>
          </TextLine>

          
          
          <TextLine ID="eSc_line_64a2af3b"
                    TAGREFS="LT1422"
                    BASELINE="33 1606 236 1606" 
                    HPOS="31"
                    VPOS="1544"
                    WIDTH="205"
                    HEIGHT="80">
            <Shape><Polygon POINTS="33 1606 31 1560 105 1544 105 1544 107 1544 107 1544 236 1560 236 1606 234 1624 31 1616"/></Shape>
	    <String CONTENT="amour."
                    HPOS="31"
                    VPOS="1544"
                    WIDTH="205"
                    HEIGHT="80"></String>
          </TextLine>

          
          
          <TextLine ID="eSc_line_d2ce79bb"
                    TAGREFS="LT1422"
                    BASELINE="91 1683 1190 1690" 
                    HPOS="89"
                    VPOS="1614"
                    WIDTH="1101"
                    HEIGHT="98">
            <Shape><Polygon POINTS="91 1683 89 1616 146 1614 148 1614 148 1614 150 1614 150 1614 150 1614 152 1614 154 1616 170 1626 224 1616 242 1614 242 1614 244 1614 359 1614 359 1614 359 1614 361 1614 375 1618 410 1630 465 1630 475 1618 477 1618 477 1616 477 1616 479 1616 479 1616 479 1616 480 1616 480 1616 482 1616 482 1616 520 1618 613 1628 666 1620 686 1618 686 1618 688 1618 688 1618 711 1620 776 1630 821 1622 842 1618 842 1618 842 1618 844 1618 844 1618 872 1622 932 1632 1188 1626 1190 1690 1188 1698 1051 1712 1051 1712 1049 1712 1049 1712 1047 1712 1047 1712 1020 1702 926 1712 926 1712 924 1712 924 1712 922 1712 922 1712 922 1712 920 1712 920 1712 920 1710 911 1702 852 1710 852 1710 850 1710 850 1710 848 1710 848 1710 848 1710 829 1700 813 1710 811 1710 811 1710 809 1710 809 1710 809 1710 807 1710 541 1700 363 1694 324 1694 316 1700 312 1704 312 1706 312 1706 310 1706 310 1706 310 1706 308 1706 308 1706 306 1706 306 1706 306 1706 305 1706 289 1700 267 1694 89 1700"/></Shape>
	    <String CONTENT="AM. I’ay bien dit que ie fais aymer enco¬"
                    HPOS="89"
                    VPOS="1614"
                    WIDTH="1101"
                    HEIGHT="98"></String>
          </TextLine>

          
          
          <TextLine ID="eSc_line_f2c80c2c"
                    TAGREFS="LT1422"
                    BASELINE="31 1757 1196 1772" 
                    HPOS="27"
                    VPOS="1688"
                    WIDTH="1169"
                    HEIGHT="94">
            <Shape><Polygon POINTS="31 1757 27 1702 66 1688 68 1688 68 1688 68 1688 70 1688 70 1688 70 1688 72 1688 72 1688 72 1688 95 1702 97 1702 107 1702 238 1690 240 1690 240 1690 334 1702 361 1708 410 1708 414 1704 428 1692 428 1692 430 1692 430 1692 430 1692 432 1692 432 1692 432 1692 434 1692 434 1692 436 1692 479 1704 498 1708 553 1704 627 1698 629 1698 629 1698 629 1698 658 1704 686 1710 733 1704 791 1698 791 1698 793 1698 793 1698 795 1698 819 1706 840 1712 854 1706 858 1704 858 1704 858 1704 860 1704 860 1704 862 1704 862 1704 883 1706 963 1714 981 1706 995 1700 995 1700 997 1700 997 1700 997 1700 999 1700 1196 1708 1196 1772 1194 1780 469 1782 467 1782 27 1765"/></Shape>
	    <String CONTENT="re ceus, qui ne ſont point aymez: mais ſi eſt"
                    HPOS="27"
                    VPOS="1688"
                    WIDTH="1169"
                    HEIGHT="94"></String>
          </TextLine>

          
          
          <TextLine ID="eSc_line_55095cb9"
                    TAGREFS="LT1422"
                    BASELINE="29 1835 1192 1849" 
                    HPOS="25"
                    VPOS="1774"
                    WIDTH="1167"
                    HEIGHT="88">
            <Shape><Polygon POINTS="29 1835 29 1774 1190 1790 1192 1849 1188 1862 25 1849"/></Shape>
	    <String CONTENT="il en la puiſſance d’un chacun le plus ſou¬"
                    HPOS="25"
                    VPOS="1774"
                    WIDTH="1167"
                    HEIGHT="88"></String>
          </TextLine>

          
          
          <TextLine ID="eSc_line_f1842e33"
                    TAGREFS="LT1422"
                    BASELINE="33 1909 1192 1927" 
                    HPOS="29"
                    VPOS="1849"
                    WIDTH="1163"
                    HEIGHT="91">
            <Shape><Polygon POINTS="33 1909 33 1849 911 1854 911 1854 911 1854 913 1854 913 1854 934 1864 936 1866 1192 1870 1192 1927 1190 1940 578 1940 576 1938 576 1938 574 1938 574 1938 549 1927 545 1927 533 1927 437 1936 437 1936 436 1936 263 1923 261 1923 261 1923 222 1932 220 1932 220 1932 218 1932 218 1932 218 1932 156 1921 156 1921 154 1921 113 1931 111 1931 111 1931 109 1931 109 1931 29 1917"/></Shape>
	    <String CONTENT="uent de ſe faire aymer. Mais peu ſe treuuent,"
                    HPOS="29"
                    VPOS="1849"
                    WIDTH="1163"
                    HEIGHT="91"></String>
          </TextLine>

          
          
          <TextLine ID="eSc_line_872c51bd"
                    TAGREFS="LT1422"
                    BASELINE="33 1983 1188 2003" 
                    HPOS="29"
                    VPOS="1917"
                    WIDTH="1163"
                    HEIGHT="111">
            <Shape><Polygon POINTS="33 1983 31 1929 144 1917 146 1917 146 1917 146 1917 148 1917 187 1929 218 1921 220 1921 220 1921 222 1921 222 1921 222 1921 224 1921 263 1932 586 1934 606 1925 606 1925 606 1925 608 1925 608 1925 610 1925 610 1925 610 1925 611 1925 651 1936 672 1927 672 1927 672 1927 674 1927 674 1927 676 1927 676 1927 676 1927 748 1938 844 1931 844 1931 846 1931 846 1931 848 1931 848 1931 848 1931 850 1931 850 1931 850 1932 860 1940 924 1931 924 1931 926 1931 926 1931 1026 1942 1167 1934 1169 1934 1169 1934 1169 1934 1171 1934 1171 1934 1171 1934 1173 1934 1192 1948 1188 2003 1186 2014 1092 2028 1092 2028 1091 2028 1091 2028 1091 2028 1089 2028 1089 2028 1089 2028 1087 2028 1069 2016 979 2026 979 2026 977 2026 977 2026 870 2014 838 2011 809 2013 739 2022 739 2022 737 2022 737 2022 735 2022 735 2022 735 2022 717 2013 711 2011 694 2013 654 2018 654 2018 653 2018 653 2018 653 2018 651 2018 631 2013 608 2007 576 2013 543 2018 543 2018 543 2018 541 2018 451 2013 332 2001 218 2001 203 2011 201 2013 199 2013 199 2013 199 2013 197 2013 197 2013 197 2013 195 2013 195 2013 175 2011 105 1999 93 2009 93 2011 93 2011 93 2011 91 2011 91 2011 91 2011 89 2011 89 2011 87 2011 29 2009"/></Shape>
	    <String CONTENT="qui facent en amour tel deuoir qu’il eſt re¬"
                    HPOS="29"
                    VPOS="1917"
                    WIDTH="1163"
                    HEIGHT="111"></String>
          </TextLine>

          
          
          <TextLine ID="eSc_line_67406a62"
                    TAGREFS="LT1422"
                    BASELINE="35 2059 170 2067" 
                    HPOS="31"
                    VPOS="1979"
                    WIDTH="141"
                    HEIGHT="110">
            <Shape><Polygon POINTS="35 2059 37 1979 172 2011 170 2067 166 2089 31 2087"/></Shape>
	    <String CONTENT="quis."
                    HPOS="31"
                    VPOS="1979"
                    WIDTH="141"
                    HEIGHT="110"></String>
          </TextLine>

          
        </TextBlock>
        
        <TextBlock HPOS="1047"
                   VPOS="2108"
                   WIDTH="163"
                   HEIGHT="61"
                   ID="eSc_textblock_98b5bf61"
                   TAGREFS="BT4318">
          <Shape><Polygon POINTS="1178 2108 1210 2153 1047 2169 1055 2108"/></Shape>
          
          
          <TextLine ID="eSc_line_caac2f04"
                    TAGREFS="LT1422"
                    BASELINE="1049 2157 1196 2157" 
                    HPOS="1047"
                    VPOS="2100"
                    WIDTH="149"
                    HEIGHT="77">
            <Shape><Polygon POINTS="1049 2157 1049 2100 1196 2108 1196 2157 1194 2177 1047 2169"/></Shape>
	    <String CONTENT="IVP."
                    HPOS="1047"
                    VPOS="2100"
                    WIDTH="149"
                    HEIGHT="77"></String>
          </TextLine>

          
        </TextBlock>
        
        <TextBlock HPOS="204"
                   VPOS="17"
                   WIDTH="818"
                   HEIGHT="61"
                   ID="eSc_textblock_a928380b"
                   TAGREFS="BT4319">
          <Shape><Polygon POINTS="210 17 204 78 1019 78 1022 26"/></Shape>
          
        </TextBlock>
        

        
      </PrintSpace>
    </Page>
  </Layout>
</alto>
