1382 2362
116 9 43 95 32

580 -5 331 85 DEBAT

218 78 535 95 IVP. Quel deuoir?

224 141 1079 108 AM. La premiere choſe dont il faut s'en¬

163 236 1142 94 querir, c’eſt, s’il y ha quelque Amour impri¬

163 314 1144 93 mee: & s’il n’y en ha, ou qu’elle ne ſoit encor

165 387 1142 99 enracinee, ou qu’elle ſoit deſia toute uſee,

165 466 1142 100 faut ſongneuſemẽt chercher quel eſt le natu¬

163 551 1148 88 rel de la perſonne aymee: &, connoiſſant le

163 631 1146 93 notre, auec les cõmoditez, façons, & quali¬

167 700 1148 95 tez eſtre ſenblables, en uſer: ſi non, le chan¬

173 781 1140 96 ger. Les Dames que tu as aymees, vouloient

161 862 1150 90 eſtre louees, entretenues par un long tens,

167 934 1144 103 priees, adorees: quell’Amour penſes tu qu’el¬

163 1011 1148 99 les t’ayent porté, te voyant en foudre, en Sa¬

165 1090 1148 94 tire, en diuerſes ſortes d’Animaus, & con¬

165 1163 1148 100 uerti en choſes inſenſibles? La richeſſe te fe¬

159 1242 1160 108 ra iouir des Dames qui ſont auares: mais

161 1320 1158 97 aymer non. Car cette affeccion de gaigner

165 1397 1155 108 ce qui eſt au cœur d’une perſonne, chaſſe la

169 1478 1150 96 vraye & entiere Amour: qui ne cherche ſon

173 1554 1142 99 proufit, mais celui de la perſonne, qu’il ay¬

163 1629 1154 101 me. Les autres eſpeces d’Animaus ne pou¬

171 1712 1149 100 uoiẽt te faire amiable. Il n’y ha animant cour

171 1787 1153 104 tois & gracieus que l’homme, lequel puiſle

167 1862 1148 106 ſe rẽdre ſuget aus complexions d’autrui, aug¬

167 1946 1157 105 menter ſa beauté & bonne grace par mile

169 2019 1151 106 nouueaus artifices: plorer, rire, chãter, & paſ¬

1137 2096 191 88 ſionner
