1353 2343
217 -5 803 55 DE FOLIE ET DÂMOVR.

1202 1 45 88 33

39 54 1175 96 ſionner la perſonne qui le voit. La lubricité

39 128 1169 92 & ardeur de reins n’a rien de commun, ou

37 203 1163 99 bien peu, auec Amour. Et pource les fem¬

35 283 1159 91 mes ou iamais n’aymeront, ou iamais ne fe¬

29 353 1171 105 ront ſemblant d’aymer pour ce reſpect. Ta

27 431 1163 100 mageſté Royale encores ha elle moins de

33 515 1155 96 pouuoir en ceci: car Amour ſe pleint de

25 583 1163 112 choſes egales. Ce n’eſt qu’un ioug, lequel

23 661 1155 106 faut qu’il ſoit porté par deus Taureaus ſem¬

21 739 1156 104 blables: autrement le harnois n’ira pas droit.

21 812 1156 113 Donq, quand tu voudras eſtre aymé, deſcens

19 894 1148 107 en bas, laiſſe ici ta couronne & ton ſceptre,

15 972 1152 101 & ne dis qui tu es. Lors tu verras en bien ſer¬

11 1044 1158 111 uant & aymant quelque Dame, que ſans

15 1116 1150 117 qu’elle ait egard à richeſſe ne puiſſance, de

9 1194 1150 118 bon gré t’aymera. Lors tu ſentiras bien un

5 1286 1154 98 autre contentement, que ceus que tu as uz

15 1347 1142 119 par le paſsé: & au lieu d’un ſimple plaiſir, en

13 1429 1148 111 receuras un double. Car autant y ha il de

9 1497 1146 123 plaiſir à eſtre baisé & aymé, que de baiſer &

9 1579 180 88 aymer.

43 1647 1106 118 IVP. Tu dis beaucoup de raiſons: mais

5 1722 1130 130 il y faut un long tems, une ſugeccion gran¬

1 1802 738 115 de, & beaucoup de paſſions.

46 1878 1095 129 AM. Ie ſay bien qu’un grand Signeur ſe

5 1954 1132 144 fache de faire longuement la court, que ſes

764 2081 29 82 C

954 2071 187 92 afaires
