1382 2362
76 5 85 120 34

559 3 350 75 DEBAT

129 68 1172 117 afaires d’importance ne permettent pas qu’il

139 161 1158 92 s’y aſſugettiſſe, & que les honneurs qu’il re¬

141 234 1162 108 çoit tous les iours, & autres paſſetems ſans

137 309 1168 104 nombre, ne lui permettent croitre ſes paſ¬

137 379 1172 117 ſions, de ſorte qu’elles puiſſent mouuoir

143 458 1168 108 leurs amies à pitié. Auſſi ne doiuent ils aten¬

143 541 1170 108 dre les grans & faciles contentemens qui

149 610 1168 124 ſont en Amour, mais ſouuentefois i’abaiſſe

151 698 1168 110 ſi bien les grans, que ie les fay à tous, exem¬

159 789 589 104 ple de mon pouuoir.

210 846 1110 110 IVPITER. Il eſt tems d’aller au conſi¬

157 929 1163 116 ſtoire: nous deuiſerons une autrefois plus à

165 1029 177 98 loiſir.

338 1145 845 130 DISCOVRS V

580 1381 425 99 APOLON.

444 1450 884 122 I onques te falut ſongneuſement

454 1531 880 120 pouruoir à tes afaires, ſouuerein

444 1606 894 106 Iupiter, ou quand auec l’ayde de

446 1686 880 115 Briare tes plus proches te vou¬

181 1763 1159 122 loient mettre en leur puiſſance, ou quand

183 1836 1155 120 les Geans, fils de la Terre, mettans montai¬

196 1915 1146 126 gne ſur montaigne, deliberoient nous venir

185 1991 1165 148 combatre iuſques ici, ou quand le Ciel & la

1210 2066 136 101 Terre
