1353 2343
213 -1 811 90 DE FOLIE ET D'AMOVR.

1212 31 47 74 35

58 89 1167 90 Terre cuiderent bruler: à cette heure, que la

46 167 1174 90 licence des fols eſt venue ſi grande, que d’ou¬

54 247 1166 88 trager deuant tes yeus l’un des principaus de

50 322 1166 91 ton Empire, tu n’as moins d’ocaſion d’a¬

50 398 1164 92 uoir creinte, & ne dois diferer à donner

54 478 1162 90 pront remede au mal ia commencé. S’il

43 550 1167 100 eſt permis à chacun atenter ſur le lien qui

46 628 1164 92 entretient & lie tout enſemble: ie voy en

52 700 1156 96 peu d’heure le Ciel en deſordre, ie voy les

41 784 1163 94 uns changer leur cours, les autres entrepren¬

43 859 1159 93 dre ſur leurs voiſins une conſommacion uni¬

44 935 1158 97 uerſelle: ton ſceptre, ton trone, ta mageſté

39 1009 1159 100 en danger. Le ſommaire de mon oraiſon ſe¬

39 1087 1163 100 ra conſeruer ta grandeur en ſon integrité, en

37 1165 1161 100 demandant vengeance de ceus qui outra¬

44 1241 1154 98 gent Amour, la vraye ame de tout l’uniuers,

35 1314 1153 107 duquel tu tiens ton ſceptre. D’autant donq

46 1394 1154 103 que ma cauſe eſt tant fauorable, coniointe

35 1468 1165 99 auec la conſeruacion de ton eſtat, & que

33 1548 1161 96 neanmoins ie ne demande que iuſtice: d’au¬

37 1620 1157 102 tant plus me deuras tu atentiuement eſcou¬

37 1700 1155 104 ter. L’iniure que ie meintien auoir eſté fai¬

35 1768 1163 112 te à Cupidon, eſt telle: Il venoit au feſtin

33 1850 1163 114 dernier: & voulant entrer par une porte,

33 1925 1167 105 Folie acourt apres lui, & lui mettant la main

27 2001 1169 125 ſur l’eſpaule le tire en arriere, & s’auance, &

754 2108 133 69 c 2

1046 2098 152 123 paſſe
