1328 2356
45 7 84 106 36

518 -3 366 91 DEBAT

106 82 1161 106 paſſe la premiere. Amour voulant ſauoir qui

104 155 1165 100 c'eſtoit, s’adreſſe à elle. Elle lui dit plus d’in¬

104 245 1167 98 iures, quil n’apartient à une femme de bien

110 320 1161 96 à dire. De là elle commence ſe hauſſer en pa¬

115 396 1159 104 roles, ſe magnifier, fait Amour petit. Lequel

119 477 1155 100 ſe voyant ainſi peu eſtimé, recourt à la

125 555 1149 102 puiſſance, dont tu l’as touſiours vù, & per¬

117 632 1161 102 mets uſer contre toute perſonne. Il la veut

127 710 1151 104 faire aymer: elle euite au coup: & feingnant

125 787 1155 106 ne prendre en mal, ce que Cupidon lui auoit

129 865 1149 95 dit, recommence à deuiſer auec lui: & en par¬

127 948 1151 100 lant tout d’un coup lui leue les yeus de la te¬

127 1015 1155 102 ſte. Ce fait, elle ſe vient à faire ſi grande ſur

123 1095 1157 102 lui, qu’elle lui fait entendre de ne lui eſtre

139 1172 1139 110 poſſible le guerir, s’il ne reconnoiſſoit qu’il

131 1254 1147 98 ne lui auoit porté l’honneur qu’elle meritoit.

139 1327 1143 112 Que ne feroit on pour recouurer la ioyeuſe

141 1407 1141 106 vuë du Soleil? Il dit, il fait tout ce qu’elle

143 1490 1139 104 veut. Elle le bande, & penſe ſes plaies en

139 1558 1139 108 atendant que meilleure ocaſion vinſt de lui

139 1643 1143 98 rendre la vuë. Mais la traytreſſe lui mit un

139 1713 1147 108 tel bandeau, que iamais ne ſera poſſible lui

145 1792 1143 112 oter: par ce moyen voulant ſe moquer de

143 1871 1141 111 toute l’ayde que tu lui pourrois donner: &

141 1945 1145 110 encor que tu lui rendiſſe les yeus, qu’ils

149 2026 1141 121 fuſſent neanmoins inutiles. Et pour le mieus

1149 2108 141 87 acout
