<?xml version="1.0" encoding="UTF-8"?>
<alto xmlns:xsi="http://www.w3.org/2001/XMLSchema-instance"
      xmlns="http://www.loc.gov/standards/alto/ns-v4#"
      xsi:schemaLocation="http://www.loc.gov/standards/alto/ns-v4# http://www.loc.gov/standards/alto/v4/alto-4-2.xsd">
  <Description>
    <MeasurementUnit>pixel</MeasurementUnit>
    <sourceImageInformation>
      <fileName>47.jpg</fileName>
      
    </sourceImageInformation>
  </Description>
  
  <Tags>
    <OtherTag ID="BT4319" LABEL="RunningTitleZone" DESCRIPTION="block type RunningTitleZone"/><OtherTag ID="BT4318" LABEL="QuireMarksZone" DESCRIPTION="block type QuireMarksZone"/><OtherTag ID="BT4317" LABEL="NumberingZone" DESCRIPTION="block type NumberingZone"/><OtherTag ID="BT4316" LABEL="MarginTextZone" DESCRIPTION="block type MarginTextZone"/><OtherTag ID="BT4315" LABEL="MainZone" DESCRIPTION="block type MainZone"/><OtherTag ID="BT4314" LABEL="GraphicZone" DESCRIPTION="block type GraphicZone"/><OtherTag ID="BT4313" LABEL="DropCapitalZone" DESCRIPTION="block type DropCapitalZone"/><OtherTag ID="BT4321" LABEL="TitlePageZone" DESCRIPTION="block type TitlePageZone"/><OtherTag ID="BT4320" LABEL="StampZone" DESCRIPTION="block type StampZone"/>
    <OtherTag ID="LT1422" LABEL="DefaultLine" DESCRIPTION="line type DefaultLine"/><OtherTag ID="LT1421" LABEL="DropCapitalLine" DESCRIPTION="line type DropCapitalLine"/><OtherTag ID="LT1420" LABEL="HeadingLine" DESCRIPTION="line type HeadingLine"/>
  </Tags>
  
  <Layout>
    <Page WIDTH="1340"
          HEIGHT="2337"
          PHYSICAL_IMG_NR="46"
          ID="eSc_dummypage_">
      <PrintSpace HPOS="0"
                  VPOS="0"
                  WIDTH="1340"
                  HEIGHT="2337">
        
        <TextBlock HPOS="39"
                   VPOS="87"
                   WIDTH="1196"
                   HEIGHT="2005"
                   ID="eSc_textblock_62927ee2"
                   TAGREFS="BT4315">
          <Shape><Polygon POINTS="63 93 39 2083 1208 2092 1235 93 725 87"/></Shape>
          
          
          <TextLine ID="eSc_line_57efbd44"
                    TAGREFS="LT1422"
                    BASELINE="62 157 621 140 1230 144" 
                    HPOS="58"
                    VPOS="68"
                    WIDTH="1172"
                    HEIGHT="107">
            <Shape><Polygon POINTS="62 157 58 101 185 99 270 75 272 75 272 75 274 75 307 75 307 75 307 75 309 75 309 75 309 75 311 75 311 75 311 77 331 95 379 75 379 75 381 75 381 75 381 75 383 75 383 75 385 75 385 75 409 83 459 74 459 74 459 74 461 74 461 74 463 74 463 74 463 74 465 74 494 93 521 75 523 75 523 75 525 75 525 75 525 75 629 72 631 72 631 72 631 72 632 72 685 89 718 72 718 72 718 72 720 72 720 72 720 72 722 72 722 72 724 72 724 72 775 91 796 72 796 72 798 72 798 72 798 72 800 72 800 72 800 72 839 70 841 70 841 70 841 70 843 70 843 70 845 70 845 70 872 91 907 91 925 91 925 89 979 68 979 68 981 68 981 68 983 68 983 68 983 68 985 68 985 68 987 68 987 68 1014 87 1040 87 1059 70 1059 68 1059 68 1061 68 1061 68 1061 68 1063 68 1063 68 1065 68 1065 68 1065 68 1067 68 1067 68 1067 68 1104 87 1147 70 1147 70 1149 70 1149 70 1151 70 1151 70 1151 70 1228 87 1230 144 1228 157 62 175"/></Shape>
	    <String CONTENT="acoutrer lui ha baillé de ſes eſles, a fin d’eſtre"
                    HPOS="58"
                    VPOS="68"
                    WIDTH="1172"
                    HEIGHT="107"></String>
          </TextLine>

          
          
          <TextLine ID="eSc_line_80f6b1fb"
                    TAGREFS="LT1422"
                    BASELINE="64 233 566 218 1225 218" 
                    HPOS="58"
                    VPOS="153"
                    WIDTH="1167"
                    HEIGHT="102">
            <Shape><Polygon POINTS="64 233 58 186 83 175 83 175 85 175 85 175 85 175 87 175 87 175 87 175 89 175 122 186 132 188 352 188 387 185 461 177 484 161 486 161 486 161 486 161 488 161 488 161 490 161 490 161 570 171 599 159 599 159 601 159 601 159 601 159 603 159 673 165 673 165 675 165 675 165 675 165 677 165 677 165 689 177 740 155 740 155 742 155 742 155 744 155 744 155 744 155 745 155 808 175 827 157 827 155 827 155 829 155 829 155 829 155 831 155 831 155 831 155 833 155 833 155 893 163 909 153 911 153 911 153 913 153 913 153 913 153 915 153 915 153 999 167 1040 153 1042 153 1042 153 1042 153 1043 153 1043 153 1045 153 1045 153 1045 153 1082 173 1123 173 1145 157 1147 157 1147 157 1147 157 1149 157 1149 157 1149 157 1151 157 1151 157 1153 157 1225 179 1225 218 1223 233 64 255"/></Shape>
	    <String CONTENT="auſſi bien guidé comme elle. Voila deus in¬"
                    HPOS="58"
                    VPOS="153"
                    WIDTH="1167"
                    HEIGHT="102"></String>
          </TextLine>

          
          
          <TextLine ID="eSc_line_d44898b0"
                    TAGREFS="LT1422"
                    BASELINE="62 309 683 294 1223 299" 
                    HPOS="54"
                    VPOS="227"
                    WIDTH="1169"
                    HEIGHT="104">
            <Shape><Polygon POINTS="62 309 54 257 74 241 74 241 75 241 75 241 75 241 77 241 77 241 79 241 79 241 79 241 81 241 81 241 81 241 83 241 99 253 128 241 128 241 130 241 130 241 130 241 132 241 132 241 134 241 134 241 134 241 159 253 296 253 335 235 335 235 336 235 336 235 336 235 338 235 338 235 338 235 340 235 387 251 461 233 461 233 461 233 463 233 463 233 463 233 537 247 553 235 553 233 553 233 555 233 555 233 557 233 557 233 557 233 558 233 558 233 560 233 560 233 560 233 562 233 582 247 656 247 784 231 784 231 786 231 786 231 788 231 788 231 788 231 790 231 814 247 868 245 882 231 882 229 882 229 884 229 884 229 884 229 886 229 886 229 888 229 888 229 888 229 890 229 890 229 925 243 985 229 985 229 985 229 987 229 987 229 989 229 989 229 1028 245 1065 227 1065 227 1065 227 1067 227 1067 227 1069 227 1121 227 1121 227 1121 227 1123 227 1123 227 1123 227 1125 227 1149 245 1221 245 1223 299 1221 309 946 321 944 321 944 321 892 317 821 309 792 319 777 323 775 323 775 323 775 323 773 323 773 323 771 323 771 323 771 323 761 319 747 311 726 319 714 323 712 323 712 323 712 323 710 323 710 323 708 323 695 319 660 311 426 321 424 321 424 321 331 313 305 327 305 327 305 327 305 327 303 327 303 327 303 327 239 329 237 329 225 329 118 317 64 331"/></Shape>
	    <String CONTENT="iures grandes &amp; atroces faites à Cupidon."
                    HPOS="54"
                    VPOS="227"
                    WIDTH="1169"
                    HEIGHT="104"></String>
          </TextLine>

          
          
          <TextLine ID="eSc_line_b615bf6e"
                    TAGREFS="LT1422"
                    BASELINE="64 381 611 371 1223 375" 
                    HPOS="60"
                    VPOS="307"
                    WIDTH="1163"
                    HEIGHT="100">
            <Shape><Polygon POINTS="64 381 60 327 173 315 173 315 175 315 175 315 223 323 235 313 235 311 235 311 237 311 237 311 237 311 239 311 239 311 241 311 241 311 241 311 303 323 385 311 385 311 387 311 387 311 387 311 389 311 389 311 420 323 504 309 504 309 506 309 599 309 599 309 599 309 601 309 601 309 601 309 603 309 621 321 652 309 652 309 654 309 654 309 656 309 656 309 656 309 728 321 818 321 827 311 827 309 827 309 829 309 829 309 829 309 831 309 831 309 833 309 890 309 890 309 890 309 892 309 892 309 892 309 893 309 893 309 907 321 907 321 952 321 1071 321 1082 309 1082 307 1082 307 1084 307 1084 307 1084 307 1086 307 1086 307 1088 307 1088 307 1221 321 1223 375 1221 391 64 407"/></Shape>
	    <String CONTENT="On l’a bleſsé, &amp; lui ha lon oté le pouuoir &amp;"
                    HPOS="60"
                    VPOS="307"
                    WIDTH="1163"
                    HEIGHT="100"></String>
          </TextLine>

          
          
          <TextLine ID="eSc_line_c64c8544"
                    TAGREFS="LT1422"
                    BASELINE="58 459 551 449 1221 455" 
                    HPOS="54"
                    VPOS="385"
                    WIDTH="1167"
                    HEIGHT="97">
            <Shape><Polygon POINTS="58 459 54 405 257 403 259 401 278 385 278 385 280 385 280 385 282 385 282 385 282 385 284 385 284 385 286 385 286 385 286 385 288 385 309 399 313 401 438 401 440 397 453 387 453 385 455 385 455 385 455 385 457 385 457 385 459 385 570 385 570 385 570 385 572 385 572 385 572 385 574 385 574 385 586 395 592 401 611 395 640 385 642 385 642 385 642 385 644 385 644 385 705 393 738 397 759 391 784 385 786 385 786 385 788 385 788 385 788 385 790 385 790 385 790 385 792 385 792 385 792 387 798 391 808 401 870 399 880 389 884 385 884 385 886 385 886 385 886 385 888 385 888 385 888 385 890 385 890 385 892 385 892 385 892 385 901 389 915 397 960 389 981 385 981 385 981 385 983 385 983 385 985 385 985 385 985 385 987 385 987 385 989 389 1001 397 1010 387 1012 387 1012 385 1012 385 1014 385 1014 385 1014 385 1016 385 1016 385 1018 385 1096 385 1096 385 1096 385 1098 385 1098 385 1098 385 1100 387 1129 401 1217 385 1221 455 1221 469 1191 481 1191 481 1190 481 1190 481 1188 481 903 473 790 471 775 475 755 481 753 481 753 481 753 481 751 481 751 481 749 481 749 481 734 475 720 471 510 479 418 481 416 481 416 481 416 481 407 479 370 471 329 481 323 481 323 481 323 481 321 481 321 481 313 481 231 471 210 481 210 481 210 481 208 481 208 481 208 481 58 482"/></Shape>
	    <String CONTENT="moyen de guerir. La plaie ſe voit, le delit eſt"
                    HPOS="54"
                    VPOS="385"
                    WIDTH="1167"
                    HEIGHT="97"></String>
          </TextLine>

          
          
          <TextLine ID="eSc_line_9bc8f284"
                    TAGREFS="LT1422"
                    BASELINE="60 535 1215 527" 
                    HPOS="56"
                    VPOS="463"
                    WIDTH="1161"
                    HEIGHT="97">
            <Shape><Polygon POINTS="60 535 56 486 173 484 204 469 204 469 204 469 206 469 206 469 208 469 208 469 319 479 356 467 358 467 358 467 358 467 360 467 360 467 360 467 414 479 434 467 436 467 436 467 438 467 438 467 438 467 440 467 662 479 792 465 792 465 794 465 794 465 870 479 919 463 921 463 921 463 921 463 923 463 923 463 923 463 925 463 967 479 1211 479 1215 527 1217 541 1199 553 1197 553 1197 553 1197 553 1195 553 1195 553 1193 553 845 547 660 545 646 551 636 555 636 555 634 555 634 555 634 555 632 555 632 555 601 551 557 547 547 553 543 556 543 556 541 556 541 556 539 556 539 556 539 556 537 556 537 556 537 556 535 556 535 556 533 556 527 553 518 547 479 555 461 556 461 556 459 556 459 556 434 555 354 547 336 556 335 558 333 558 333 558 331 558 331 558 331 558 329 558 301 556 198 549 60 560"/></Shape>
	    <String CONTENT="manifeſte: de l’auteur ne s’en faut enque¬"
                    HPOS="56"
                    VPOS="463"
                    WIDTH="1161"
                    HEIGHT="97"></String>
          </TextLine>

          
          
          <TextLine ID="eSc_line_4117f4a0"
                    TAGREFS="LT1422"
                    BASELINE="58 615 582 603 1217 605" 
                    HPOS="52"
                    VPOS="535"
                    WIDTH="1167"
                    HEIGHT="103">
            <Shape><Polygon POINTS="58 615 52 562 97 547 99 547 99 547 99 547 101 547 101 547 163 558 183 543 183 543 185 543 185 543 185 543 186 543 186 543 188 543 188 543 321 556 405 541 405 541 405 541 407 541 407 541 409 541 409 541 449 555 594 539 594 539 595 539 595 539 597 539 597 539 638 555 640 555 644 555 712 543 712 543 714 543 714 543 802 553 825 555 829 553 841 541 841 539 841 539 843 539 843 539 843 539 845 539 845 539 845 539 888 537 890 537 954 539 954 539 954 539 956 539 956 539 956 539 975 551 981 553 991 551 1028 539 1030 539 1030 539 1032 539 1032 539 1032 539 1034 539 1067 549 1082 553 1166 553 1172 547 1191 535 1193 535 1193 535 1193 535 1195 535 1195 535 1197 535 1197 535 1197 535 1199 535 1199 535 1199 535 1201 535 1219 547 1217 605 1215 623 749 632 747 632 747 632 745 632 745 632 745 632 744 632 742 630 728 623 634 623 547 632 525 634 525 634 523 634 469 634 208 627 58 638"/></Shape>
	    <String CONTENT="rir. Celle qui ha fait le coup, le dit, le preſ¬"
                    HPOS="52"
                    VPOS="535"
                    WIDTH="1167"
                    HEIGHT="103"></String>
          </TextLine>

          
          
          <TextLine ID="eSc_line_35551967"
                    TAGREFS="LT1422"
                    BASELINE="56 693 543 681 1217 685" 
                    HPOS="52"
                    VPOS="619"
                    WIDTH="1165"
                    HEIGHT="95">
            <Shape><Polygon POINTS="56 693 52 638 81 638 81 636 95 625 95 623 95 623 97 623 97 623 97 623 99 623 99 623 101 623 101 623 101 623 103 623 151 636 151 638 214 638 216 636 233 625 235 625 235 625 235 625 237 625 237 625 239 625 239 625 239 625 241 625 241 625 241 625 262 636 278 623 278 623 280 623 280 623 280 623 282 623 282 623 284 623 284 623 366 632 375 625 375 623 375 623 377 623 377 623 377 623 379 623 379 623 379 623 381 623 510 630 543 621 545 621 545 621 545 621 547 621 751 634 753 634 755 634 829 621 829 621 831 621 831 621 831 621 893 634 893 634 893 634 927 619 927 619 927 619 929 619 929 619 929 619 930 619 1108 632 1170 621 1170 621 1170 621 1172 621 1172 621 1174 621 1217 634 1217 685 1215 699 886 710 884 710 570 708 107 704 56 714"/></Shape>
	    <String CONTENT="che, en fait ſes contes par tout. Interrogue"
                    HPOS="52"
                    VPOS="619"
                    WIDTH="1165"
                    HEIGHT="95"></String>
          </TextLine>

          
          
          <TextLine ID="eSc_line_e5f61ecc"
                    TAGREFS="LT1422"
                    BASELINE="60 765 703 757 1213 763" 
                    HPOS="56"
                    VPOS="695"
                    WIDTH="1157"
                    HEIGHT="95">
            <Shape><Polygon POINTS="60 765 56 718 146 716 173 697 175 697 175 697 175 697 177 697 177 697 177 697 179 697 179 697 181 697 181 697 181 697 210 710 373 697 375 697 375 697 375 697 377 697 377 697 377 697 379 697 379 697 379 699 391 708 473 704 475 704 475 704 475 704 477 704 477 704 502 714 535 703 535 703 537 703 537 703 539 703 539 703 590 708 603 697 603 697 605 697 605 697 605 697 607 697 607 697 609 697 666 697 666 697 666 697 668 697 668 697 668 697 670 697 670 697 681 706 699 695 701 695 701 695 701 695 703 695 703 695 703 695 705 695 705 695 707 695 707 695 745 708 798 697 798 697 798 697 800 697 800 697 802 697 802 697 841 712 880 695 880 695 880 695 882 695 882 695 884 695 960 695 960 695 960 695 962 695 962 695 962 695 991 708 1022 699 1024 699 1024 699 1024 699 1026 699 1026 699 1028 699 1079 712 1149 695 1151 695 1151 695 1153 695 1153 695 1153 695 1154 695 1213 714 1213 763 1209 780 186 780 60 790"/></Shape>
	    <String CONTENT="Ia: plus tot l’aura confeſsé que ne l’auras de¬"
                    HPOS="56"
                    VPOS="695"
                    WIDTH="1157"
                    HEIGHT="95"></String>
          </TextLine>

          
          
          <TextLine ID="eSc_line_bc677657"
                    TAGREFS="LT1422"
                    BASELINE="58 843 1217 837" 
                    HPOS="54"
                    VPOS="769"
                    WIDTH="1165"
                    HEIGHT="99">
            <Shape><Polygon POINTS="58 843 54 792 171 790 192 773 192 773 194 773 194 773 194 773 196 773 196 773 198 773 335 773 335 773 335 773 336 773 383 788 385 788 426 788 459 788 484 771 486 771 486 771 486 771 488 771 488 771 490 771 490 771 492 771 535 780 699 771 701 771 701 771 701 771 703 771 703 771 738 786 740 786 745 786 827 769 827 769 829 769 899 769 899 769 899 769 901 769 901 769 901 769 929 782 964 769 964 769 966 769 966 769 967 769 967 769 967 769 969 769 969 769 969 769 995 782 1022 769 1022 769 1022 769 1024 769 1024 769 1026 769 1026 769 1028 769 1028 769 1028 769 1057 782 1061 786 1182 786 1186 782 1197 773 1197 771 1197 771 1199 771 1199 771 1201 771 1201 771 1201 771 1203 771 1203 771 1205 771 1205 771 1205 771 1207 771 1207 771 1207 773 1217 782 1217 837 1219 851 1182 864 1182 864 1180 864 1180 864 1178 864 903 856 831 854 821 856 798 866 798 866 796 866 796 866 794 866 794 866 792 866 792 866 769 858 763 856 740 858 668 866 668 866 666 866 560 860 461 856 426 864 399 868 399 868 399 868 397 868 317 864 173 858 159 868 159 868 159 868 157 868 157 868 157 868 155 868 155 868 153 868 153 868 153 868 151 868 148 868 114 858 58 868"/></Shape>
	    <String CONTENT="mandé. Que reſte il? Quand il eſt dit: qui"
                    HPOS="54"
                    VPOS="769"
                    WIDTH="1165"
                    HEIGHT="99"></String>
          </TextLine>

          
          
          <TextLine ID="eSc_line_9e04ed6f"
                    TAGREFS="LT1422"
                    BASELINE="60 919 1213 915" 
                    HPOS="56"
                    VPOS="849"
                    WIDTH="1157"
                    HEIGHT="91">
            <Shape><Polygon POINTS="60 919 56 866 120 854 120 854 122 854 122 854 190 864 208 851 208 851 210 851 210 851 210 851 212 851 212 851 214 851 276 851 276 851 276 851 278 851 278 851 278 851 280 851 280 851 280 853 292 864 319 853 319 853 321 853 321 853 321 853 323 853 323 853 385 864 399 853 399 851 399 851 401 851 401 851 401 851 403 851 403 851 405 851 405 851 405 851 407 851 451 864 453 864 475 864 521 864 537 851 537 851 539 851 539 851 539 851 541 851 541 851 541 851 543 851 685 862 714 849 714 849 714 849 716 849 716 849 718 849 718 849 718 849 784 862 851 849 851 849 853 849 923 849 923 849 923 849 925 849 925 849 925 849 954 864 1209 864 1213 915 1211 930 60 940"/></Shape>
	    <String CONTENT="aura tiré une dent, lui en ſera tiré une autre:"
                    HPOS="56"
                    VPOS="849"
                    WIDTH="1157"
                    HEIGHT="91"></String>
          </TextLine>

          
          
          <TextLine ID="eSc_line_03e98bec"
                    TAGREFS="LT1422"
                    BASELINE="64 995 1211 991" 
                    HPOS="60"
                    VPOS="927"
                    WIDTH="1151"
                    HEIGHT="85">
            <Shape><Polygon POINTS="64 995 60 944 142 928 142 928 144 928 144 928 144 928 146 928 146 928 146 928 148 928 148 928 163 942 321 942 354 928 354 928 356 928 356 928 358 928 572 940 632 927 632 927 632 927 634 927 634 927 634 927 685 936 769 928 769 928 771 928 771 928 773 928 773 928 773 928 775 928 775 928 775 930 784 940 864 940 876 928 876 927 876 927 878 927 878 927 878 927 880 927 880 927 880 927 882 927 882 927 884 927 884 927 919 940 981 940 1006 927 1006 927 1006 927 1008 927 1008 927 1008 927 1010 927 1010 927 1082 938 1112 927 1112 927 1114 927 1114 927 1114 927 1116 927 1116 927 1207 940 1211 991 1209 1008 64 1012"/></Shape>
	    <String CONTENT="qui aura arraché un œil, lui en ſera ſembla¬"
                    HPOS="60"
                    VPOS="927"
                    WIDTH="1151"
                    HEIGHT="85"></String>
          </TextLine>

          
          
          <TextLine ID="eSc_line_63193e20"
                    TAGREFS="LT1422"
                    BASELINE="56 1071 1211 1067" 
                    HPOS="54"
                    VPOS="1006"
                    WIDTH="1157"
                    HEIGHT="92">
            <Shape><Polygon POINTS="56 1071 54 1012 348 1020 393 1014 428 1008 428 1008 430 1008 430 1008 498 1014 564 1020 590 1014 629 1006 629 1006 629 1006 631 1006 751 1016 784 1018 806 1016 886 1006 886 1006 888 1006 888 1006 888 1006 890 1006 890 1006 913 1016 917 1020 1207 1020 1211 1067 1211 1082 1174 1096 1174 1096 1172 1096 1172 1096 1172 1098 962 1098 960 1096 960 1096 911 1086 895 1084 856 1086 753 1096 751 1096 473 1092 122 1086 56 1096"/></Shape>
	    <String CONTENT="blement creué un, celà s’entent entre per¬"
                    HPOS="54"
                    VPOS="1006"
                    WIDTH="1157"
                    HEIGHT="92"></String>
          </TextLine>

          
          
          <TextLine ID="eSc_line_554aa7c7"
                    TAGREFS="LT1422"
                    BASELINE="56 1145 1213 1149" 
                    HPOS="54"
                    VPOS="1078"
                    WIDTH="1159"
                    HEIGHT="88">
            <Shape><Polygon POINTS="56 1145 56 1086 325 1094 346 1084 358 1078 358 1078 360 1078 360 1078 360 1078 362 1078 362 1078 397 1084 459 1094 471 1082 475 1080 475 1078 475 1078 477 1078 477 1078 477 1078 479 1078 479 1078 479 1078 481 1078 481 1078 516 1082 557 1088 570 1082 580 1078 580 1078 582 1078 582 1078 582 1078 584 1078 584 1078 584 1078 586 1078 599 1082 642 1096 677 1084 677 1084 679 1084 679 1084 681 1084 681 1084 681 1084 683 1084 683 1084 707 1094 714 1086 714 1084 714 1084 716 1084 716 1084 716 1084 718 1084 718 1084 718 1084 763 1082 821 1080 823 1080 823 1080 833 1080 909 1096 944 1080 946 1080 946 1080 948 1080 948 1080 948 1080 950 1080 950 1080 952 1080 952 1080 952 1080 954 1080 954 1080 954 1080 954 1082 969 1098 1014 1098 1086 1080 1088 1080 1088 1080 1088 1080 1090 1080 1090 1080 1092 1080 1092 1080 1092 1080 1092 1080 1094 1080 1094 1080 1094 1082 1110 1098 1149 1098 1168 1080 1168 1080 1170 1080 1170 1080 1170 1080 1172 1080 1172 1080 1172 1080 1174 1080 1211 1080 1213 1149 1211 1164 54 1166"/></Shape>
	    <String CONTENT="ſonnes egales. Mais quand on ha ofensé"
                    HPOS="54"
                    VPOS="1078"
                    WIDTH="1159"
                    HEIGHT="88"></String>
          </TextLine>

          
          
          <TextLine ID="eSc_line_d81a0ae3"
                    TAGREFS="LT1422"
                    BASELINE="58 1223 1211 1226" 
                    HPOS="56"
                    VPOS="1156"
                    WIDTH="1157"
                    HEIGHT="88">
            <Shape><Polygon POINTS="58 1223 58 1172 235 1172 235 1172 251 1158 251 1156 251 1156 253 1156 253 1156 253 1156 255 1156 255 1156 257 1156 434 1156 434 1156 434 1156 436 1156 436 1156 436 1156 438 1156 438 1156 449 1166 498 1156 498 1156 498 1156 500 1156 500 1156 502 1156 502 1156 502 1156 504 1156 504 1156 504 1158 518 1170 553 1158 555 1158 555 1158 555 1158 557 1158 557 1158 557 1158 558 1158 558 1158 590 1172 703 1158 703 1158 705 1158 705 1158 707 1158 707 1158 707 1158 736 1174 738 1176 784 1176 786 1174 800 1162 800 1162 802 1162 802 1162 802 1162 804 1162 804 1162 806 1162 806 1162 806 1162 808 1162 808 1162 829 1170 893 1158 893 1158 893 1158 895 1158 895 1158 897 1158 897 1158 897 1158 899 1158 899 1158 917 1174 1034 1174 1043 1166 1043 1164 1043 1164 1045 1164 1045 1164 1045 1164 1047 1164 1047 1164 1049 1164 1049 1164 1127 1174 1174 1158 1176 1158 1176 1158 1176 1158 1178 1158 1178 1158 1180 1158 1180 1158 1180 1158 1213 1176 1211 1226 1209 1240 56 1244"/></Shape>
	    <String CONTENT="ceus, deſquels depend la conſeruacion de"
                    HPOS="56"
                    VPOS="1156"
                    WIDTH="1157"
                    HEIGHT="88"></String>
          </TextLine>

          
          
          <TextLine ID="eSc_line_cad3013d"
                    TAGREFS="LT1422"
                    BASELINE="56 1297 1205 1300" 
                    HPOS="54"
                    VPOS="1234"
                    WIDTH="1151"
                    HEIGHT="90">
            <Shape><Polygon POINTS="56 1297 54 1246 173 1234 175 1234 175 1234 175 1234 177 1234 177 1234 177 1234 179 1234 179 1234 179 1236 188 1246 190 1248 294 1248 297 1246 319 1234 319 1234 319 1234 321 1234 321 1234 321 1234 323 1234 323 1234 323 1234 373 1246 377 1246 381 1246 459 1234 459 1234 461 1234 461 1234 461 1234 463 1234 463 1234 463 1234 465 1234 465 1234 479 1246 479 1248 562 1248 562 1246 574 1236 574 1234 574 1234 576 1234 576 1234 576 1234 578 1234 578 1234 580 1234 631 1234 631 1234 631 1234 687 1248 691 1248 693 1248 703 1238 703 1236 703 1236 705 1236 705 1236 705 1236 707 1236 707 1236 708 1236 779 1236 779 1236 779 1236 781 1236 781 1236 781 1236 782 1236 782 1236 782 1238 792 1248 794 1248 800 1248 888 1236 888 1236 890 1236 890 1236 890 1236 892 1236 929 1248 930 1248 930 1248 969 1236 971 1236 971 1236 971 1236 973 1236 973 1236 975 1236 975 1236 1005 1248 1028 1236 1028 1236 1028 1236 1030 1236 1030 1236 1032 1236 1032 1236 1032 1236 1034 1236 1034 1236 1034 1236 1057 1248 1059 1250 1203 1250 1205 1300 1203 1322 54 1324"/></Shape>
	    <String CONTENT="pluſieurs, les peines s’aigriſſent, les loix s’ar¬"
                    HPOS="54"
                    VPOS="1234"
                    WIDTH="1151"
                    HEIGHT="90"></String>
          </TextLine>

          
          
          <TextLine ID="eSc_line_14a8ff22"
                    TAGREFS="LT1422"
                    BASELINE="50 1374 1209 1380" 
                    HPOS="48"
                    VPOS="1310"
                    WIDTH="1161"
                    HEIGHT="94">
            <Shape><Polygon POINTS="50 1374 50 1324 190 1324 212 1310 214 1310 214 1310 216 1310 216 1310 216 1310 218 1310 218 1310 220 1310 220 1310 251 1322 288 1310 290 1310 290 1310 290 1310 292 1310 292 1310 354 1322 368 1310 368 1310 368 1310 370 1310 370 1310 372 1310 372 1310 372 1310 373 1310 373 1310 373 1310 375 1310 375 1310 375 1310 377 1310 393 1322 409 1310 410 1310 410 1310 410 1310 412 1310 412 1310 414 1310 479 1312 479 1312 479 1312 481 1312 481 1312 481 1312 483 1312 483 1312 494 1324 537 1312 539 1312 539 1312 541 1312 541 1312 541 1312 543 1312 582 1326 753 1326 808 1312 808 1312 808 1312 810 1312 993 1326 1080 1314 1080 1314 1082 1314 1082 1314 1209 1330 1209 1380 1209 1392 1176 1404 1174 1404 1174 1404 1174 1404 1172 1404 1172 1404 1110 1394 1086 1404 1086 1404 1084 1404 1084 1404 1084 1404 1082 1404 816 1394 773 1394 730 1396 586 1402 584 1402 584 1402 584 1402 582 1402 582 1402 582 1402 580 1402 580 1402 574 1396 568 1392 508 1396 455 1400 453 1400 453 1400 453 1400 451 1400 451 1400 449 1400 446 1396 432 1390 48 1398"/></Shape>
	    <String CONTENT="ment de ſeuerité, &amp; vengent le tort fait au"
                    HPOS="48"
                    VPOS="1310"
                    WIDTH="1161"
                    HEIGHT="94"></String>
          </TextLine>

          
          
          <TextLine ID="eSc_line_1bf327bd"
                    TAGREFS="LT1422"
                    BASELINE="56 1448 1207 1456" 
                    HPOS="54"
                    VPOS="1388"
                    WIDTH="1153"
                    HEIGHT="88">
            <Shape><Polygon POINTS="56 1448 54 1400 325 1388 327 1388 327 1388 401 1400 403 1400 405 1400 603 1390 605 1390 605 1390 605 1390 607 1390 607 1390 607 1390 631 1402 631 1402 650 1402 913 1392 915 1392 915 1392 915 1392 917 1392 917 1392 940 1404 1207 1406 1207 1456 1205 1476 54 1476"/></Shape>
	    <String CONTENT="publiq. Si tout l’Vniuers ne tient que par"
                    HPOS="54"
                    VPOS="1388"
                    WIDTH="1153"
                    HEIGHT="88"></String>
          </TextLine>

          
          
          <TextLine ID="eSc_line_5c726989"
                    TAGREFS="LT1422"
                    BASELINE="48 1526 1209 1534" 
                    HPOS="44"
                    VPOS="1464"
                    WIDTH="1165"
                    HEIGHT="95">
            <Shape><Polygon POINTS="48 1526 44 1478 79 1468 81 1468 81 1468 83 1468 83 1468 83 1468 85 1468 85 1468 87 1468 87 1468 99 1478 101 1480 177 1480 179 1476 188 1468 188 1466 188 1466 190 1466 190 1466 190 1466 192 1466 192 1466 192 1466 194 1466 194 1466 196 1466 196 1466 196 1466 218 1476 222 1478 223 1476 245 1468 245 1468 247 1468 247 1468 247 1468 249 1468 249 1468 251 1468 278 1476 297 1464 299 1464 299 1464 301 1464 301 1464 301 1464 303 1464 303 1464 303 1464 305 1464 305 1464 331 1476 340 1482 440 1482 453 1476 481 1466 481 1466 483 1466 483 1466 484 1466 570 1466 570 1466 570 1466 572 1466 605 1476 631 1483 779 1483 796 1474 810 1468 810 1468 812 1468 812 1468 814 1468 919 1468 919 1468 919 1468 946 1474 989 1485 1028 1485 1040 1474 1043 1472 1043 1470 1043 1470 1045 1470 1045 1470 1047 1470 1047 1470 1047 1470 1049 1470 1049 1470 1051 1470 1065 1474 1094 1482 1106 1474 1110 1470 1112 1470 1112 1470 1112 1470 1114 1470 1114 1470 1114 1470 1116 1470 1207 1474 1209 1534 1207 1550 942 1559 940 1559 940 1559 845 1550 843 1550 841 1550 642 1558 640 1558 640 1558 640 1558 638 1558 638 1558 636 1558 621 1548 619 1548 597 1548 340 1556 338 1556 44 1544"/></Shape>
	    <String CONTENT="certeines amoureuſes compoſicions, ſi elles"
                    HPOS="44"
                    VPOS="1464"
                    WIDTH="1165"
                    HEIGHT="95"></String>
          </TextLine>

          
          
          <TextLine ID="eSc_line_daddb8e0"
                    TAGREFS="LT1422"
                    BASELINE="46 1602 1213 1612" 
                    HPOS="44"
                    VPOS="1538"
                    WIDTH="1169"
                    HEIGHT="90">
            <Shape><Polygon POINTS="46 1602 44 1550 223 1538 225 1538 225 1538 225 1538 280 1552 286 1552 286 1552 299 1540 299 1540 301 1540 301 1540 301 1540 303 1540 303 1540 305 1540 305 1540 305 1540 307 1540 340 1552 344 1552 352 1552 449 1540 449 1540 451 1540 451 1540 451 1540 508 1552 512 1554 514 1554 525 1542 525 1542 527 1542 527 1542 527 1542 529 1542 529 1542 531 1542 599 1542 599 1542 599 1542 601 1542 601 1542 601 1542 603 1542 619 1554 621 1556 786 1556 788 1556 806 1546 806 1546 806 1546 808 1546 808 1546 808 1546 810 1546 810 1546 812 1546 845 1556 849 1556 853 1556 917 1544 917 1544 919 1544 919 1544 919 1544 921 1544 921 1544 921 1544 923 1544 923 1544 923 1546 934 1556 934 1556 934 1556 1073 1546 1075 1546 1075 1546 1211 1559 1213 1612 1211 1628 44 1628"/></Shape>
	    <String CONTENT="ceſſoient, l’ancien Abime reuiendroit. Otant"
                    HPOS="44"
                    VPOS="1538"
                    WIDTH="1169"
                    HEIGHT="90"></String>
          </TextLine>

          
          
          <TextLine ID="eSc_line_fb9c163b"
                    TAGREFS="LT1422"
                    BASELINE="50 1680 1209 1688" 
                    HPOS="46"
                    VPOS="1624"
                    WIDTH="1163"
                    HEIGHT="95">
            <Shape><Polygon POINTS="50 1680 50 1624 1207 1630 1209 1688 1207 1704 1147 1717 1147 1717 1147 1719 1022 1719 1020 1717 1020 1717 1018 1717 1018 1717 989 1706 921 1717 921 1717 919 1717 919 1717 919 1717 917 1717 882 1707 747 1715 745 1715 745 1715 745 1715 744 1715 744 1715 744 1715 720 1704 631 1715 631 1715 629 1715 629 1715 629 1715 627 1715 580 1702 578 1702 570 1702 375 1711 373 1711 373 1711 373 1711 372 1711 340 1700 336 1700 171 1700 169 1700 134 1711 132 1711 132 1711 132 1711 130 1711 130 1711 46 1698"/></Shape>
	    <String CONTENT="l’amour, tout eſt ruïné. C’eſt donq celui, qu’il"
                    HPOS="46"
                    VPOS="1624"
                    WIDTH="1163"
                    HEIGHT="95"></String>
          </TextLine>

          
          
          <TextLine ID="eSc_line_87ffabb7"
                    TAGREFS="LT1422"
                    BASELINE="44 1756 1209 1766" 
                    HPOS="42"
                    VPOS="1694"
                    WIDTH="1167"
                    HEIGHT="97">
            <Shape><Polygon POINTS="44 1756 42 1706 89 1694 89 1694 89 1694 91 1694 91 1694 93 1694 93 1694 93 1694 95 1694 95 1694 109 1706 111 1707 255 1707 259 1704 270 1694 270 1694 272 1694 272 1694 274 1694 274 1694 274 1694 276 1694 276 1694 278 1694 278 1694 305 1704 317 1707 368 1704 467 1696 469 1696 469 1696 469 1696 471 1696 471 1696 471 1696 473 1696 473 1696 481 1704 486 1707 518 1704 558 1698 558 1698 560 1698 560 1698 560 1698 562 1698 562 1698 564 1698 564 1698 564 1698 570 1704 578 1711 656 1711 677 1704 691 1698 691 1698 693 1698 693 1698 695 1698 695 1698 695 1698 697 1698 697 1698 699 1698 699 1698 699 1698 703 1702 712 1709 845 1702 899 1700 901 1700 901 1700 901 1700 903 1700 903 1700 903 1700 905 1700 905 1700 905 1702 907 1702 917 1711 1032 1702 1042 1702 1043 1702 1043 1702 1043 1702 1045 1702 1045 1702 1045 1702 1045 1702 1071 1715 1158 1715 1205 1702 1209 1766 1207 1781 983 1791 981 1791 981 1791 979 1791 942 1781 936 1781 42 1781"/></Shape>
	    <String CONTENT="faut conſeruer en ſon eſtre: c’eſt celui, qui"
                    HPOS="42"
                    VPOS="1694"
                    WIDTH="1167"
                    HEIGHT="97"></String>
          </TextLine>

          
          
          <TextLine ID="eSc_line_62ed0600"
                    TAGREFS="LT1422"
                    BASELINE="46 1830 1207 1844" 
                    HPOS="42"
                    VPOS="1770"
                    WIDTH="1165"
                    HEIGHT="99">
            <Shape><Polygon POINTS="46 1830 44 1780 87 1770 87 1770 89 1770 89 1770 192 1781 222 1783 225 1781 233 1774 233 1772 233 1772 235 1772 235 1772 235 1772 237 1772 237 1772 239 1772 280 1772 280 1772 280 1772 282 1772 282 1772 309 1781 344 1772 346 1772 346 1772 346 1772 348 1772 348 1772 350 1772 395 1783 403 1785 405 1783 414 1776 414 1774 414 1774 416 1774 416 1774 416 1774 418 1774 418 1774 420 1774 420 1774 420 1774 467 1783 518 1774 518 1774 518 1774 520 1774 520 1774 521 1774 521 1774 553 1785 558 1789 792 1789 794 1789 819 1778 819 1778 821 1778 821 1778 821 1778 823 1778 823 1778 825 1778 870 1789 880 1791 901 1789 1032 1780 1034 1780 1034 1780 1034 1780 1036 1780 1036 1780 1036 1780 1059 1793 1061 1793 1061 1793 1082 1781 1082 1781 1082 1781 1084 1781 1084 1781 1086 1781 1086 1781 1205 1795 1207 1844 1205 1859 1098 1869 1096 1869 42 1852"/></Shape>
	    <String CONTENT="fait multiplier les hommes, viure enſemble,"
                    HPOS="42"
                    VPOS="1770"
                    WIDTH="1165"
                    HEIGHT="99"></String>
          </TextLine>

          
          
          <TextLine ID="eSc_line_51938723"
                    TAGREFS="LT1422"
                    BASELINE="44 1908 1203 1920" 
                    HPOS="40"
                    VPOS="1848"
                    WIDTH="1163"
                    HEIGHT="101">
            <Shape><Polygon POINTS="44 1908 42 1857 140 1848 140 1848 142 1848 142 1848 144 1848 144 1848 144 1848 146 1848 161 1857 163 1859 171 1857 220 1850 220 1850 220 1850 222 1850 222 1850 223 1850 223 1850 223 1850 225 1850 225 1850 225 1852 235 1859 235 1861 319 1861 329 1861 387 1850 387 1850 387 1850 389 1850 389 1850 391 1850 391 1850 391 1850 393 1850 393 1850 407 1861 410 1865 557 1865 562 1863 597 1852 599 1852 599 1852 599 1852 601 1852 601 1852 601 1852 603 1852 603 1852 605 1852 605 1852 621 1865 627 1869 699 1869 714 1865 812 1854 812 1854 814 1854 814 1854 816 1854 866 1867 872 1871 1003 1871 1003 1869 1028 1857 1028 1857 1028 1857 1030 1857 1030 1857 1032 1857 1032 1857 1034 1857 1034 1857 1071 1871 1086 1857 1086 1857 1088 1857 1088 1857 1088 1857 1090 1857 1090 1857 1092 1857 1170 1857 1170 1857 1170 1857 1172 1857 1172 1857 1172 1857 1203 1873 1203 1920 1201 1937 1098 1949 1098 1949 1096 1949 849 1937 819 1947 819 1947 818 1947 818 1947 816 1947 816 1947 816 1947 814 1947 814 1947 814 1947 790 1935 790 1935 786 1935 642 1945 640 1945 640 1945 640 1945 580 1933 576 1933 572 1933 461 1943 461 1943 459 1943 459 1943 459 1943 409 1931 405 1931 391 1931 239 1941 237 1941 40 1928"/></Shape>
	    <String CONTENT="&amp; perpetuer le monde, par l’amour &amp; ſoli¬"
                    HPOS="40"
                    VPOS="1848"
                    WIDTH="1163"
                    HEIGHT="101"></String>
          </TextLine>

          
          
          <TextLine ID="eSc_line_8a8a1a56"
                    TAGREFS="LT1422"
                    BASELINE="46 1986 1201 1996" 
                    HPOS="42"
                    VPOS="1922"
                    WIDTH="1159"
                    HEIGHT="99">
            <Shape><Polygon POINTS="46 1986 46 1922 128 1937 177 1924 179 1924 181 1924 181 1924 183 1924 183 1924 183 1924 185 1924 185 1924 185 1924 186 1924 186 1924 208 1937 309 1928 329 1926 329 1926 331 1926 331 1926 333 1926 333 1926 333 1926 335 1926 336 1928 356 1939 453 1929 467 1929 467 1929 469 1929 469 1929 481 1931 547 1941 599 1933 636 1928 636 1928 638 1928 638 1928 638 1928 640 1928 640 1928 642 1928 642 1928 642 1929 648 1933 658 1941 718 1935 792 1929 792 1929 794 1929 794 1929 796 1929 796 1929 796 1929 798 1929 798 1929 808 1937 816 1945 888 1945 892 1939 901 1931 901 1929 901 1929 903 1929 903 1929 903 1929 905 1929 905 1929 907 1929 950 1929 950 1929 950 1929 952 1929 952 1929 952 1929 954 1929 954 1929 967 1941 973 1945 991 1941 1047 1931 1047 1931 1049 1931 1088 1931 1088 1931 1088 1931 1090 1931 1090 1931 1090 1931 1092 1931 1092 1931 1092 1933 1104 1943 1149 1931 1151 1931 1151 1931 1153 1931 1153 1931 1153 1931 1154 1931 1201 1947 1201 1996 1199 2011 971 2021 969 2021 42 2005"/></Shape>
	    <String CONTENT="citude qu’ils portent à leurs ſucceſſeurs. Iniu¬"
                    HPOS="42"
                    VPOS="1922"
                    WIDTH="1159"
                    HEIGHT="99"></String>
          </TextLine>

          
          
          <TextLine ID="eSc_line_b95e0657"
                    TAGREFS="LT1422"
                    BASELINE="40 2062 1207 2074" 
                    HPOS="38"
                    VPOS="2003"
                    WIDTH="1169"
                    HEIGHT="110">
            <Shape><Polygon POINTS="40 2062 38 2011 97 2003 97 2003 99 2003 99 2003 101 2003 132 2011 153 2017 202 2013 280 2005 280 2005 282 2005 282 2005 284 2005 284 2005 284 2005 303 2015 311 2019 321 2015 338 2005 338 2005 338 2005 340 2005 340 2005 340 2005 342 2005 342 2005 416 2015 451 2021 457 2017 467 2009 467 2007 469 2007 469 2007 469 2007 471 2007 471 2007 473 2007 516 2007 516 2007 516 2007 518 2007 518 2007 518 2007 520 2007 520 2007 520 2009 529 2017 533 2021 597 2019 691 2015 693 2015 784 2021 837 2025 858 2023 942 2011 942 2011 944 2011 944 2011 944 2011 1003 2025 1014 2027 1026 2025 1086 2013 1086 2013 1088 2013 1088 2013 1207 2029 1207 2074 1205 2099 1030 2113 1028 2113 1028 2113 1028 2113 1026 2113 1026 2113 1024 2113 1024 2113 1024 2111 1010 2101 1001 2111 1001 2111 1001 2111 999 2111 999 2111 997 2111 997 2111 997 2111 995 2111 995 2111 995 2111 936 2099 936 2099 934 2099 882 2111 882 2111 882 2111 880 2111 675 2101 656 2109 656 2109 654 2109 654 2109 654 2109 652 2109 652 2109 650 2109 650 2109 650 2109 627 2097 623 2095 586 2097 432 2107 430 2107 430 2107 430 2107 428 2107 428 2107 403 2095 397 2093 393 2095 383 2105 383 2105 381 2105 381 2105 381 2105 379 2105 379 2105 379 2107 270 2107 268 2105 268 2105 266 2105 266 2105 243 2095 231 2091 214 2095 185 2101 185 2101 185 2101 183 2101 183 2101 181 2101 181 2101 181 2101 179 2101 179 2101 171 2095 165 2091 38 2093"/></Shape>
	    <String CONTENT="rier cet Amour, l’outrager, qu’eſt ce, ſinon"
                    HPOS="38"
                    VPOS="2003"
                    WIDTH="1169"
                    HEIGHT="110"></String>
          </TextLine>

          
        </TextBlock>
        
        <TextBlock HPOS="239"
                   VPOS="17"
                   WIDTH="818"
                   HEIGHT="58"
                   ID="eSc_textblock_f1389328"
                   TAGREFS="BT4319">
          <Shape><Polygon POINTS="242 17 239 75 1057 66 1057 20"/></Shape>
          
          
          <TextLine ID="eSc_line_1121d20e"
                    TAGREFS="LT1420"
                    BASELINE="245 62 1047 52" 
                    HPOS="241"
                    VPOS="-3"
                    WIDTH="806"
                    HEIGHT="82">
            <Shape><Polygon POINTS="245 62 241 1 1042 -3 1047 52 1045 70 948 62 934 70 934 72 932 72 930 72 929 72 905 70 827 64 722 70 623 75 621 75 588 70 566 66 560 70 551 77 549 77 547 77 547 79 432 79 430 77 428 77 407 70 405 68 401 70 379 79 377 79 375 79 373 79 372 79 360 70 245 70"/></Shape>
	    <String CONTENT="DE FOLIE ET D&#x27;AMOVR."
                    HPOS="241"
                    VPOS="-3"
                    WIDTH="806"
                    HEIGHT="82"></String>
          </TextLine>

          
        </TextBlock>
        
        <TextBlock HPOS="1208"
                   VPOS="26"
                   WIDTH="67"
                   HEIGHT="58"
                   ID="eSc_textblock_f8082ea5"
                   TAGREFS="BT4317">
          <Shape><Polygon POINTS="1211 26 1208 84 1275 84 1275 26"/></Shape>
          
          
          <TextLine ID="eSc_line_0f67a5f5"
                    TAGREFS="LT1422"
                    BASELINE="1215 70 1258 66" 
                    HPOS="1209"
                    VPOS="29"
                    WIDTH="51"
                    HEIGHT="87">
            <Shape><Polygon POINTS="1215 70 1209 35 1252 29 1258 66 1260 116 1215 111"/></Shape>
	    <String CONTENT="37"
                    HPOS="1209"
                    VPOS="29"
                    WIDTH="51"
                    HEIGHT="87"></String>
          </TextLine>

          
        </TextBlock>
        
        <TextBlock HPOS="719"
                   VPOS="2101"
                   WIDTH="507"
                   HEIGHT="67"
                   ID="eSc_textblock_be2916c4"
                   TAGREFS="BT4318">
          <Shape><Polygon POINTS="719 2101 719 2168 1226 2168 1226 2101"/></Shape>
          
          
          <TextLine ID="eSc_line_b66b54f6"
                    TAGREFS="LT1422"
                    BASELINE="725 2148 829 2157" 
                    HPOS="718"
                    VPOS="2093"
                    WIDTH="109"
                    HEIGHT="97">
            <Shape><Polygon POINTS="724 2146 718 2188 821 2190 827 2155 825 2101 773 2116 728 2093 724 2146"/></Shape>
	    <String CONTENT="c 3"
                    HPOS="718"
                    VPOS="2093"
                    WIDTH="109"
                    HEIGHT="97"></String>
          </TextLine>

          
          
          <TextLine ID="eSc_line_cfcd0c73"
                    TAGREFS="LT1422"
                    BASELINE="1003 2150 1211 2146" 
                    HPOS="999"
                    VPOS="2093"
                    WIDTH="212"
                    HEIGHT="84">
            <Shape><Polygon POINTS="1003 2150 999 2097 1205 2093 1211 2146 1211 2167 1153 2175 1153 2175 1151 2175 1151 2175 1149 2175 1149 2175 1149 2175 1147 2175 1133 2165 1129 2163 1125 2165 1102 2177 1102 2177 1102 2177 1100 2177 1100 2177 1098 2177 1098 2177 1001 2161"/></Shape>
	    <String CONTENT="vouloir"
                    HPOS="999"
                    VPOS="2093"
                    WIDTH="212"
                    HEIGHT="84"></String>
          </TextLine>

          
        </TextBlock>
        

        
      </PrintSpace>
    </Page>
  </Layout>
</alto>
