1340 2356
74 5 57 91 38

546 -5 365 77 DEBAT

121 74 1158 88 vouloir troubler & ruïner toutes choſes?

131 166 1153 83 Trop mieus vaudroit que la temeraire ſe fuſt

119 237 1164 86 adreſſee à toy: car tu t’en fuſſes bien donné

129 310 1159 100 garde. Mais s’eſtant adreſſee à Cupidon, elle

127 394 1159 92 t’a fait dommage irreparable, & auquel n’as

121 471 1167 94 ù puiſſance de donner ordre. Cette iniure

123 551 1165 92 touche auſſi en particulier tous les autres

129 626 1157 88 Dieus, Demidieus, Faunes, Satires, Siluains,

125 700 1165 89 Deeſſes, Nynfes, Hommes & Femmes: &

133 783 1157 94 croy qu’il n’y ha Animant, qui ne ſente mal,

133 859 1155 95 voyant Cupidon bleſſé. Tu as donq osé, ô

129 934 1161 98 deteſtable, nous faire à tous deſpit, en outra¬

141 1018 1147 93 geant ce que tu ſauois eſtre de tout aymé.

145 1089 1145 90 Tu as ù le cœur ſi malin, de naurer celui qui

135 1166 1155 90 apaiſe toutes noiſes & querelles. Tu as osé

131 1248 1163 98 atenter au fils de Venus: & ce en la court

137 1321 1159 104 de lupiter: & as fait qu’il y ha ù ça haut

141 1401 1151 91 moins de franchiſe, qu’il n’y ha la bas entre

137 1476 1153 94 les hommes, es lieus qui nous ſont conſa¬

141 1554 1149 93 crez. Par tes foudres, ô lupiter, tu abas les ar¬

139 1633 1155 102 bres, ou quelque poure femmelette gardant

135 1712 1161 92 les brebis, ou quelque meſchãt garſonneau,

137 1796 1153 86 qui aura moins dinement parlé de ton nom:

135 1869 1157 94 & cette cy, qui, meſpriſant ta mageſté, ha vio

137 1947 1155 96 lé ton palais, vit encores! & ou? au ciel: & eſt

141 2022 1147 110 eſtimee immortelle, & retiẽt nom de Deeſſe!

1182 2098 108 100 Les
