1340 2337
1197 25 47 95 39

212 -3 808 90 DE FOLIE ET D'AMOVR.

27 83 1182 102 Les roues des Enfers ſoutiennent elles une

33 163 1172 99 ame plus deteſtable que cette cy? Les mon¬

35 239 1170 95 taignes de Sicile couurent elles de plus exe¬

35 313 1168 99 crables perſonnes? Et encores n’a elle hon¬

31 391 1174 99 te de ſe preſenter deuant vos diuinitez: & lui

31 467 1168 91 ſemble (ſi ie l’oſe dire) que ſerez tous ſi fols,

35 545 1162 99 que de l’abſoudre. Ie n’ay neanmoins char¬

52 627 1143 97 ge par Amour de requerir vengeance & pu¬

35 703 1158 91 nicion de Folie. Les gibets, potences, roues,

33 780 1166 84 couteaus, & foudres ne lui plaiſent, encor

35 854 1166 86 que fuſt contre ſes malueuillans, contre leſ¬

37 934 1158 94 quels meſmes il ha ſi peu usé de ſon ire, que,

33 1012 1172 88 oté quelque ſubit courrous de la ieuneſſe qui

27 1090 1168 84 le ſuit, il ne ſe trouua iamais un ſeul d’eus,

35 1170 1158 84 qui ait voulu l’outrager, fors cette furieuſe.

33 1242 1162 86 Mais il laiſſe le tout à votre diſcrecion, ô

33 1318 1164 86 Dieus: & ne demande autre choſe, ſinon que

31 1394 1166 82 ſes yeus lui ſoient rendus, & qu’il ſoit dit, que

35 1470 1168 89 Folie ha ù tort de l’iniurier & outrager. Et

33 1548 1166 95 à ce que par ci apres n’auienne tel deſordre,

35 1630 1164 83 en cas que ne veuillez enſeuelir Folie ſous

33 1704 1162 89 quelque montaigne, ou la mettre à l’aban¬

29 1781 1168 92 don de quelque aigle, ce qu’il ne requiert,

33 1859 1164 82 vous vueillez ordonner, que Folie ne ſe trou¬

33 1931 1176 96 uera pres du lieu ou Amour ſera, de cent

44 2007 1169 104 pas à la ronde. Ce que trouuerez deuoir

1061 2093 146 105 eſtre

761 2113 127 79 c 4
