1340 2356
74 3 73 89 40

552 -3 353 73 DEBAT

119 76 1171 100 eſtre fait, apres qu’aurez entendu de quel

137 170 1151 81 grand bien ſera cauſe Amour, quand il aura

135 235 1153 94 gaigné ce point: & de combien de maus il

125 314 1165 90 ſera cauſe, eſtant ſi mal acompagné, meſmes

121 390 1167 92 à preſent qu’il ha perdu les yeus. Vous ne

127 475 1161 86 trouuerez point mauuais que ie touche en

131 547 1161 87 brief en quel honneur & reputacion eſt

125 626 1161 82 Amour entre les hommes, & qu’au demeu¬

121 704 1167 93 rant de mon oraiſon ie ne parle guere plus

131 777 1157 90 que d’eus. Donques les hommes ſont faits

121 859 1167 87 à l’image & ſemblance de nous, quant aus

125 934 1159 98 eſprits: leurs corps ſont compoſez de plu¬

123 1015 1165 84 ſieurs & diuerſes complexions: & entre eus

121 1091 1163 88 ſi diferens tant en figure, couleur & forme,

123 1170 1161 96 que iamais en tant de ſiecles, qui ont paſsé,

119 1248 1165 83 ne s’en trouua, que deus ou trois pers, qui ſe

117 1321 1166 96 reſſemblaſſent: encore leurs ſeruiteurs & do¬

121 1401 1165 97 meſtiques les connoiſſoiẽt particulierement

121 1478 1162 86 l’un d’auec l’autre. Eſtãs ainſi en meurs, com¬

123 1556 1158 97 plexions, & forme diſſemblables, ſont nean¬

123 1633 1160 94 moins enſemble liez & aſſemblez par une

125 1710 1158 96 beniuolence, qui les fait vouloir bien l’un

123 1788 1156 96 à l’autre: & ceus qui en ce ſont les plus ex¬

119 1865 1165 96 cellens, ſont les plus reuerez entre eus. Delà

117 1947 1158 87 eſt venue la premiere gloire entre les hom¬

111 2024 1164 106 mes. Car ceus qui auoient inuenté quelque

1121 2088 150 110 choſe
