1340 2344
205 -3 810 83 DE FOLIE ET D'AMOVR.

1191 23 68 90 41

25 76 1170 111 choſe à leur proufit, eſtoient eſtimez plus

29 166 1162 97 que les autres. Mais faut penſer que cette

29 234 1168 105 enuie de proufiter en publiq, n’eſt procedee

27 316 1166 102 de gloire, comme eſtant la gloire poſterieure

27 396 1162 98 en tems. Quelle peine croyez vous, qu’a ù

31 468 1154 102 Orphee pour deſtourner les hommes barba¬

27 546 1154 90 res de leur acoutumee cruauté? pour les fai¬

27 627 1154 87 re aſſembler en compagnies politiques? pour

19 703 1166 88 leur mettre en horreur le piller & robber l’au

25 779 1154 88 trui? Eſtimez vous que ce fuſt pour gain? du¬

27 859 1150 84 quel ne ſe parloit encores entre les hom¬

25 933 1158 84 mes, qui n’auoient fouillé es entrailles de la

21 1011 1164 96 terre? La gloire, cõme i’ay dit, ne le pouuoit

21 1089 1160 86 mouuoir. Car n’eſtans point encore de gens

27 1168 1150 89 politiquement vertueus, il n’y pouuoit eſtre

29 1242 1146 88 gloire, ny enuie de gloire. L’amour qu’il por¬

19 1320 1156 88 toit en general aus hommes, le faiſoit trauail¬

21 1390 1160 94 ler à les conduire à meilleure vie. C’eſtoit la

21 1470 1156 94 douceur de ſa Muſique, que lon dit auoir

23 1548 1156 88 adouci les Loups, Tigres, Lions: attiré les

21 1629 1156 93 arbres, & amolli les pierres: & quelle pierre

17 1703 1160 90 ne s’amolliroit entendant le dous preſche¬

15 1781 1160 90 ment de celui qui amiablement la veut aten¬

17 1853 1162 100 drir pour receuoir l’impreſſion de bien &

17 1931 1158 96 honneur? Combien eſtimez vous que Pro¬

15 2002 1158 121 methee ſoit loué là bas pour l’uſage du feu,

740 2101 139 92 c 5

1033 2090 139 95 qu’il
