1340 2356
100 0 82 98 42

573 -3 358 75 DEBAT

151 84 1143 90 qu’il inuenta? Il le vous deſroba, & encou¬

143 168 1153 81 rut votre indinacion. Eſtoit ce qu’il vous

147 237 1149 92 vouluſt ofenſer? ie croy que non: mais l’a¬

147 314 1151 90 mour, qu’il portoit à l’homme, que tu lui

147 392 1149 90 baillas, ô lupiter, commiſſion de faire de ter¬

147 473 1153 88 re, & l’aſſembler de toutes pieces ramaſſees

147 559 1151 75 des autres animaus. Cet amour que lon por¬

151 626 1145 82 te en general à ſon ſemblable, eſt en telle re¬

147 704 1153 87 cõmandacion entre les hommes, que le plus

149 783 1149 80 ſouuent ſe trouuent entre eus qui pour ſau¬

155 875 1147 81 uer un païs, leur parent, & garder l’honneur

149 936 1155 84 de leur Prince, s’enfermeront dedens lieus

155 1017 1147 90 peu defenſables, bourgades, colombiers: &

147 1093 1153 94 quelque aſſeurance qu’ils ayent de la mort,

147 1172 1153 96 n’en veulent ſortir à quelque compoſicion

149 1250 1151 96 que ce ſoit, pour prolonger la vie à ceus que

151 1327 1149 94 lon ne peut aſſaillir que apres leur ruïne.

147 1405 1155 89 Outre cette afeccion generale, les hommes

151 1488 1147 88 en ont quelque particuliere l’un enuers l’au¬

151 1560 1153 93 tre, & laquelle, moyennant qu’elle n’ait

151 1635 1149 98 point le but de gain, ou de plaiſir de ſoymeſ¬

147 1713 1151 99 me, n’ayant reſpect à celui, que lon ſe dit ay¬

147 1792 1157 92 mer, eſt en tel eſtime au monde, que lon ha

153 1874 1147 89 remarqué ſongneuſement par tous les ſie¬

153 1953 1147 84 cles ceus, qui ſe ſont trouuez excellẽs en icel¬

155 2028 1151 106 le, les ornant de tous les plus honorables

1178 2104 126 83 titres
