1328 2336
161 25 804 58 DE FOLIE ET DAMOVR.

1162 13 62 86 43

13 75 1168 106 titres que les hommes peuuent inuenter.

19 155 1159 101 Meſmes ont eſtimé cette ſeule vertu eſtre ſufi

23 235 1160 93 ſante pour d’un homme faire un Dieu. Ainſi

25 317 1156 89 les Scythes deïfierent Pylade & Oreſte, &

25 391 1155 91 leur dreſſerent temples & autels, les ape¬

25 469 1156 85 lans les Dieus d’amitié. Mais auant iceus

25 545 1155 89 eſtoit Amour, qui les auoit liez & uniz en¬

25 622 1156 96 ſemble. Raconter l’opinion, qu’ont les

25 702 1156 92 hommes des parens d’Amour, ne ſeroit hors

25 776 1158 98 de propos, pour montrer qu’ils l’eſtiment

25 854 1155 90 autant ou plus, que nul autre des Dieus.

25 932 1158 82 Mais en ce ne ſont d’un acord, les vns le

25 1008 1160 89 faiſant ſortir de Chaos & de la Terre: les

29 1084 1152 87 autres du Ciel & de la Nuit: aucuns de Di¬

29 1164 1154 87 ſcorde & de Zephire: autres de Venus la

29 1245 1149 86 vraye mere, l’honorant par ces anciens pe¬

33 1321 1148 80 res & meres, & par les effets merueilleus que

31 1399 1152 78 de tout tems il ha acoutumé montrer. Mais

38 1469 1149 92 il me ſemble que les Grecs d’un ſeul ſurnom

36 1549 1149 92 qu’ils t’ont donné, Iupiter, t’apelant amia¬

36 1625 1153 91 ble, témoignent aſſez que plus ne pouuoient

36 1701 1157 95 exaucer Amour, qu’en te faiſant participant

36 1775 1153 87 de ſa nature. Tel eſt l’honneur que les plus

36 1859 1149 77 ſauans & plus renommez des hommes don¬

36 1933 1153 91 nent à Amour. Le commun populaire le

38 2008 1149 111 priſe auſſi & eſtime pour les grandes expe¬

971 2106 218 95 riences
