1340 2356
110 -1 84 81 44

597 -3 348 73 DEBAT

161 68 1153 98 riences qu’il voit des commoditez, qui pro¬

168 153 1148 92 uiennent de lui. Celui qui voit que l’homme

172 225 1146 95 (quelque vertueus qu’il ſoit) languit en ſa

167 302 1151 96 maiſon, ſans l’amiable compagnie d’une fem

161 376 1155 93 me, qui fidelement lui diſpenſe ſon bien,

168 459 1150 94 lui augmente ſon plaiſir, ou le tient en bride

165 537 1151 93 doucement, de peur qu’il n’en prenne trop,

172 616 1142 92 pour ſa ſanté, lui ote les facheries, & quel¬

172 693 1140 94 quefois les empeſche de venir, l’appaiſe, l’a¬

163 773 1151 83 doucit, le traite ſain & malade, le fait auoir

165 850 1149 92 deus corps, quatre bras, deus ames, & plus

172 930 1138 90 parfait que les premiers hommes du ban¬

168 1007 1142 80 quet de Platon, ne confeſſera il que l’amour

168 1083 1148 95 coniugale eſt dine de recommandacion? &

163 1160 1151 92 n’atribuera cette felicité au mariage, mais à

163 1236 1155 97 l’amour qui l’entretient. Lequel, s’il defaut

163 1319 1145 88 en cet endroit, vous verrez l’homme ſorce¬

163 1393 1143 95 né, fuir & abandonner ſa maiſon. La fem¬

155 1468 1157 98 me au contraire ne rit iamais, quand elle n’eſt

163 1551 1147 78 en amour auec ſon mari. Ilz ne ſont iamais

159 1627 1149 86 en repos. Quãd l’un veut repoſer, l’autre crie.

161 1700 1149 98 Le bien ſe diſſipe, & vont toutes choſes au

155 1782 1157 92 rebours. Et eſt preuue certeine, que la ſeule

161 1867 1145 86 amitié fait auoir en mariage le contente¬

153 1937 1155 95 ment, que lon dit s’y trouuer. Qui ne dira

159 2016 1145 108 bien de l’amour fraternelle, ayant veu Ca¬

1206 2087 98 82 ſtor
