1328 2336
13 68 1141 113 ſtor & Pollux, l’un mortel eſtre fait immor¬

13 147 1149 109 tel à moitié du don de ſon frere? Ce n’eſt pas

15 223 1147 113 eſtre frere, qui cauſe cet heur (car peu de

13 307 1145 103 freres ſont de telle ſorte) mais l’amour gran¬

17 381 1139 105 de qui eſtoit entre eus. Il ſeroit long à di¬

17 459 1141 99 ſcourir, comme lonathas ſauua la vie à Da¬

13 537 1147 91 uid: dire l’hiſtoire de Pythias & Damon: de

17 615 1143 103 celui qui quitta ſon eſpouſe à ſon ami la pre¬

19 693 1145 101 miere nuit, & s’en fuit vagabond par le

21 774 1143 90 monde. Mais pour montrer quel bien vient

21 846 1135 92 d’amitié, i’allegueray le dire d’un grand Roy,

21 928 1141 93 lequel, ouurant une grenade, interrogué de

21 1004 1135 91 quelles choſes il voudroit auoir autant, com¬

21 1082 1133 89 me il y auoit de grains en la pomme, Reſ¬

21 1158 1137 95 pondit: de Zopires. C’eſtoit ce Zopire, par

21 1241 1135 74 le moyen duquel il auoit recouuré Babilone.

23 1317 1137 80 Vn Scyte demandant en mariage une fille,

21 1389 1137 82 & ſommé de bailler ſon bien par declara¬

21 1467 1139 90 cion, dit: qu’il n’auoit autre bien que deus

21 1545 1139 88 amis, s’eſtimant aſſez riche auec telle poſſeſ¬

21 1617 1139 96 ſion pour oſer demander la fille d’un grand

21 1705 1137 85 Signeur en mariage. Et pour venir aus fem¬

21 1773 1137 84 mes, ne ſauua Ariadne la vie à Theſee?

21 1847 1141 93 Hypermneſtre à Lyncee? Ne ſe ſont trouuees

21 1933 1141 91 des armees en danger en païs eſtranges, &

21 2003 1143 107 ſauuees par l’amitié que quelques Dames

175 -3 796 82 DE FOLIE ET D'AMOVR.

1137 11 62 88 45

1033 2106 135 93 port
