1340 2356
113 32 67 66 40

607 0 340 62 DEBAT

168 68 1148 98 portoient aus Capiteines? des Rois remiz

159 151 1155 90 en leurs principales citez par les intelligen¬

161 231 1151 89 ces, que leurs amies leur auoient pratiquees

159 306 1153 92 ſecretement? Tant y ha de poures ſoudars,

165 384 1147 85 qui ont eſté eſleuez par leurs amies es Con¬

161 459 1151 88 tez, Duchez, Royaumes qu’elles poſſedoiẽt.

161 543 1149 87 Certeinement tant de commoditez proue¬

159 620 1155 80 nans aus hommes par Amour ont bien aydé

159 695 1151 98 à l’eſtimer grand. Mais plus que toute choſe,

165 777 1147 79 l'afeccion naturelle, que tous auons à aymer,

159 850 1149 84 nous le fait eſleuer & exalter. Car nous vou¬

161 928 1147 94 lons faire paroitre, & eſtre eſtimé ce à quoy

159 1007 1151 86 nous nous ſentõs enclins. Et qui eſt celui des

159 1087 1151 92 hommes, qui ne prenne plaiſir, ou d’aymer,

163 1160 1145 86 ou d’eſtre aymé? le laiſſe ces Myſanthropes,

163 1236 1149 93 & Taupes cachees ſous terre, & enſeueliz

155 1317 1153 88 de leurs bizarries, leſquels auront par moy

163 1393 1145 93 tout loiſir de n’eſtre point aymez, puis qu’ils

161 1470 1147 92 ne leur chaut d’aymer. S’il m’eſtoit licite, ie

161 1545 1147 94 les vous depeindrois, comme ie les voy deſ¬

157 1627 1153 90 crire aus hommes de bon eſprit. Et nean¬

159 1704 1153 90 moins il vaut mieus en dire un mot, à fin de

165 1782 1145 89 connoitre combien eſt mal plaiſante & mi¬

159 1857 1153 90 ſerable la vie de ceus, qui ſe ſont exemptez

163 1937 1149 95 d’Amour. Ils dient que ce ſont gens mornes,

168 2016 1144 112 ſans eſprit, qui n’ont grace aucune à parler,

1214 2088 96 79 une
