1328 2336
25 40 1139 107 une voix rude, un aller penſif, un viſage de

23 124 1137 97 mauuaiſe rencontre, un œil baiſsé, creintifs,

23 204 1139 93 auares, impitoyables, ignorans, & n’eſtimans

25 282 1139 101 perſonne: Loups garous. Quand ils entrent

23 358 1135 89 en leur maiſon, ils creingnent que quelcun

27 438 1133 83 es regarde. Incontinent qu’ils ſont entrez,

27 511 1131 88 barrent leur porte, ſerrent les feneſtres, men¬

29 591 1133 92 gent ſallement ſans compagnie, la maiſon

29 671 1129 92 mal en ordre: ſe couchent en chapon le

29 747 1129 90 morceau au bec. Et lors à beaus gros bon¬

27 819 1131 95 nets gras de deus doits d’eſpais, la camiſole

27 909 1131 81 atachee auec eſplingues enrouillees iuſques

27 973 1133 93 au deſſous du nombril, grandes chauſſes de

27 1053 1131 93 aine venans à mycuiſſe, un oreiller bien

27 1125 1127 89 chaufé & ſentant ſa greſſe fondue: le dor¬

27 1214 1127 80 nir acompagné de toux, & autres tels excre¬

23 1280 1135 98 mens dont ils rempliſſent les courtines. Vn

23 1356 1131 107 euer peſant, s’il n’y ha quelque argent à re¬

17 1434 1139 107 ceuoir: vieilles chauſſes repetaſſees: ſouliers

19 1508 1124 107 de païſant: pourpoint de drap fourré: long

21 1582 1139 113 ſaye mal ataché deuant: la robbe qui pend

23 1664 1137 103 par derriere iuſques aus eſpaules: plus de four

17 1746 1141 101 rures & peliſſes: calottes & larges bonnets

17 1822 1139 109 couurans les cheueus mal pignez: gens plus

17 1894 1137 114 fades à voir, qu’un potage ſans ſel à humer.

31 1968 1129 124 Que vous en ſemble il? Si tous les hommes

928 2069 238 93 eſtoient
