1340 2356
161 51 1141 92 eſtoient de cette ſorte, y auroit il pas peu de

167 129 1135 92 plaiſir de viure auec eus? Combien plus tot

159 210 1143 88 choiſiriez vous un homme propre, bien en

168 286 1132 94 point, & bien parlant, tel qu’il ne s’eſt pù fai¬

165 363 1127 96 re ſans auoir enuie de plaire à quelcun? Qui

155 441 1147 96 ha inuenté un dous & gracieus langage en¬

167 524 1133 82 tre les hommes? & ou premierement ha il

161 594 1141 101 eſté employé? ha ce eſté à perſuader de faire

168 679 1132 88 guerre au païs? eſlire un Capiteine? acuſer

163 753 1137 99 ou defendre quelcun? Auant que les guerres

159 828 1139 98 ſe fiſſent, paix, alliances & confederacions

159 909 1139 92 en publiq: auant qu’il fuſt beſoin de Capi¬

157 985 1141 102 teines, auant les premiers iugemens que fites

151 1066 1147 98 faire en Athenes, il y auoit quelque ma¬

161 1142 1135 100 niere plus douce & gracieuſe, que le com¬

163 1221 1135 98 mun: de laquelle uſerent Orphee, Amphion,

165 1297 1131 98 & autres. Et ou en firent preuue les hom¬

159 1370 1141 100 mes, ſinon en Amour? Par pitié on baille à

163 1448 1137 99 manger à une creature, encore qu’elle n’en

165 1531 1135 94 demande. On penſe à un malade, encore

167 1606 1133 107 qu’il ne veuille guerir. Mais qu’une femme

167 1680 1129 110 ou homme d’eſprit, prenne plaiſir à l’afec¬

165 1765 1131 106 cion d’une perſonne, qui ne la peut deſcou¬

168 1837 1132 110 urir, lui donne ce qu’il ne peut demander,

167 1916 1133 100 eſcoute un ruſtique & barbare langage: &

172 1994 1124 118 tout tel qu’il eſt, ſentant plus ſon comman¬

1100 2073 202 94 dement,
