<?xml version="1.0" encoding="UTF-8"?>
<alto xmlns:xsi="http://www.w3.org/2001/XMLSchema-instance"
      xmlns="http://www.loc.gov/standards/alto/ns-v4#"
      xsi:schemaLocation="http://www.loc.gov/standards/alto/ns-v4# http://www.loc.gov/standards/alto/v4/alto-4-2.xsd">
  <Description>
    <MeasurementUnit>pixel</MeasurementUnit>
    <sourceImageInformation>
      <fileName>59.jpg</fileName>
      
    </sourceImageInformation>
  </Description>
  
  <Tags>
    <OtherTag ID="BT4319" LABEL="RunningTitleZone" DESCRIPTION="block type RunningTitleZone"/><OtherTag ID="BT4318" LABEL="QuireMarksZone" DESCRIPTION="block type QuireMarksZone"/><OtherTag ID="BT4317" LABEL="NumberingZone" DESCRIPTION="block type NumberingZone"/><OtherTag ID="BT4316" LABEL="MarginTextZone" DESCRIPTION="block type MarginTextZone"/><OtherTag ID="BT4315" LABEL="MainZone" DESCRIPTION="block type MainZone"/><OtherTag ID="BT4314" LABEL="GraphicZone" DESCRIPTION="block type GraphicZone"/><OtherTag ID="BT4313" LABEL="DropCapitalZone" DESCRIPTION="block type DropCapitalZone"/><OtherTag ID="BT4321" LABEL="TitlePageZone" DESCRIPTION="block type TitlePageZone"/><OtherTag ID="BT4320" LABEL="StampZone" DESCRIPTION="block type StampZone"/>
    <OtherTag ID="LT1422" LABEL="DefaultLine" DESCRIPTION="line type DefaultLine"/><OtherTag ID="LT1421" LABEL="DropCapitalLine" DESCRIPTION="line type DropCapitalLine"/><OtherTag ID="LT1420" LABEL="HeadingLine" DESCRIPTION="line type HeadingLine"/>
  </Tags>
  
  <Layout>
    <Page WIDTH="1328"
          HEIGHT="2340"
          PHYSICAL_IMG_NR="58"
          ID="eSc_dummypage_">
      <PrintSpace HPOS="0"
                  VPOS="0"
                  WIDTH="1328"
                  HEIGHT="2340">
        
        <TextBlock HPOS="196"
                   VPOS="13"
                   WIDTH="816"
                   HEIGHT="52"
                   ID="eSc_textblock_19b0f95d"
                   TAGREFS="BT4319">
          <Shape><Polygon POINTS="196 13 196 65 1012 62 1012 22"/></Shape>
          
          
          <TextLine ID="eSc_line_98af3df4"
                    TAGREFS="LT1420"
                    BASELINE="206 58 1008 54" 
                    HPOS="202"
                    VPOS="-1"
                    WIDTH="806"
                    HEIGHT="73">
            <Shape><Polygon POINTS="206 58 202 0 1002 -1 1008 54 1006 66 206 72"/></Shape>
	    <String CONTENT="DE FOLIE ET D&#x27;AMOVR."
                    HPOS="202"
                    VPOS="-1"
                    WIDTH="806"
                    HEIGHT="73"></String>
          </TextLine>

          
        </TextBlock>
        
        <TextBlock HPOS="1178"
                   VPOS="25"
                   WIDTH="75"
                   HEIGHT="61"
                   ID="eSc_textblock_bc9f8797"
                   TAGREFS="BT4317">
          <Shape><Polygon POINTS="1178 25 1178 86 1253 86 1253 25"/></Shape>
          
          
          <TextLine ID="eSc_line_2bfa9170"
                    TAGREFS="LT1422"
                    BASELINE="1181 70 1244 70" 
                    HPOS="1179"
                    VPOS="23"
                    WIDTH="65"
                    HEIGHT="74">
            <Shape><Polygon POINTS="1181 70 1179 29 1242 23 1244 70 1242 97 1179 85"/></Shape>
	    <String CONTENT="49"
                    HPOS="1179"
                    VPOS="23"
                    WIDTH="65"
                    HEIGHT="74"></String>
          </TextLine>

          
        </TextBlock>
        
        <TextBlock HPOS="21"
                   VPOS="86"
                   WIDTH="1179"
                   HEIGHT="2002"
                   ID="eSc_textblock_048f17b8"
                   TAGREFS="BT4315">
          <Shape><Polygon POINTS="42 89 21 2057 1170 2088 1200 86"/></Shape>
          
          
          <TextLine ID="eSc_line_4c183611"
                    TAGREFS="LT1422"
                    BASELINE="46 148 411 140 1201 148" 
                    HPOS="40"
                    VPOS="74"
                    WIDTH="1161"
                    HEIGHT="93">
            <Shape><Polygon POINTS="46 148 40 85 85 74 87 74 87 74 89 74 89 74 89 74 144 85 163 89 208 85 292 79 294 79 294 79 294 79 335 87 360 91 388 87 444 79 444 79 446 79 446 79 499 89 518 91 532 89 581 76 583 76 583 76 585 76 585 76 661 87 715 76 715 76 715 76 717 76 717 76 717 76 719 76 719 76 721 76 721 76 721 76 735 89 764 91 811 93 828 91 916 78 916 78 918 78 918 78 920 78 920 78 961 91 965 93 971 93 1043 78 1043 78 1043 78 1045 78 1045 78 1047 78 1047 78 1047 78 1076 93 1199 95 1201 148 1199 152 1121 165 1121 165 1121 167 1051 167 1049 165 1049 165 1047 165 1047 165 1047 165 1045 165 1029 154 1027 154 850 154 846 154 832 163 830 163 830 163 828 163 828 163 828 163 826 163 826 163 766 156 741 152 678 152 668 156 653 163 653 163 653 163 651 163 651 163 651 163 649 163 649 163 647 163 618 156 600 152 397 152 380 157 358 163 356 163 356 163 354 163 42 157"/></Shape>
	    <String CONTENT="dement, qu’amoureuſe priere, celà ne ſe peut"
                    HPOS="40"
                    VPOS="74"
                    WIDTH="1161"
                    HEIGHT="93"></String>
          </TextLine>

          
          
          <TextLine ID="eSc_line_a52b6e0b"
                    TAGREFS="LT1422"
                    BASELINE="48 226 565 216 1191 224" 
                    HPOS="44"
                    VPOS="154"
                    WIDTH="1147"
                    HEIGHT="87">
            <Shape><Polygon POINTS="48 226 44 175 154 173 187 156 187 156 187 156 189 156 189 156 191 156 191 156 191 156 193 156 193 156 193 156 195 156 195 156 195 157 206 169 292 169 308 157 308 156 308 156 310 156 310 156 312 156 312 156 312 156 397 154 399 154 399 154 401 154 401 154 452 171 524 167 536 156 536 154 536 154 538 154 538 154 538 154 540 154 540 154 542 154 672 154 672 154 672 154 748 171 752 171 754 171 795 156 795 156 797 156 797 156 799 156 854 156 854 156 854 156 856 156 856 156 856 156 858 156 858 156 877 171 877 171 883 171 957 154 957 154 957 154 959 154 959 154 961 154 1019 169 1029 173 1123 173 1129 169 1150 156 1152 156 1152 156 1154 156 1154 156 1154 156 1156 156 1156 156 1158 156 1158 156 1191 169 1191 224 1189 232 1041 239 1039 239 1039 239 1039 239 1037 239 1017 234 1000 230 975 234 941 239 941 239 939 239 939 239 898 235 846 228 809 235 785 239 785 239 785 239 783 239 783 239 781 239 781 239 781 239 780 239 780 239 780 237 776 235 768 228 549 228 499 237 483 239 483 239 483 239 481 239 481 239 479 239 479 239 479 239 477 239 477 239 477 237 475 237 466 228 269 228 216 239 212 239 212 239 212 241 48 241"/></Shape>
	    <String CONTENT="imaginer. Celle, qui ſe ſent aymee, ha quel¬"
                    HPOS="44"
                    VPOS="154"
                    WIDTH="1147"
                    HEIGHT="87"></String>
          </TextLine>

          
          
          <TextLine ID="eSc_line_5f50aa22"
                    TAGREFS="LT1422"
                    BASELINE="48 298 809 294 1193 302" 
                    HPOS="46"
                    VPOS="230"
                    WIDTH="1147"
                    HEIGHT="87">
            <Shape><Polygon POINTS="48 298 46 245 255 245 286 230 286 230 288 230 288 230 290 230 409 230 409 230 409 230 411 230 411 230 411 230 413 230 413 230 427 241 460 234 462 234 462 234 464 234 464 234 464 234 466 234 466 234 466 234 483 243 499 230 499 230 501 230 501 230 501 230 503 230 503 230 503 230 505 230 505 230 507 230 507 230 538 241 547 232 547 230 547 230 549 230 549 230 549 230 551 230 551 230 553 230 553 230 553 230 555 230 592 241 717 230 717 230 719 230 719 230 721 230 772 245 943 245 955 234 955 232 955 232 957 232 957 232 957 232 959 232 959 232 959 232 1033 230 1035 230 1035 230 1037 230 1037 230 1037 230 1039 230 1039 230 1039 232 1053 243 1144 234 1144 234 1146 234 1146 234 1148 234 1193 245 1193 302 1191 312 984 317 982 317 982 317 980 317 980 317 980 317 978 317 978 317 975 313 967 308 961 313 957 315 957 317 957 317 955 317 955 317 955 317 953 317 953 317 951 317 951 317 951 317 949 317 949 317 949 317 941 313 928 306 920 313 920 313 920 315 920 315 918 315 918 315 918 315 916 315 916 315 914 315 914 315 893 313 815 306 805 313 805 315 805 315 805 315 803 315 803 315 803 315 801 315 801 315 801 315 799 315 799 315 797 315 797 315 793 315 770 306 752 315 746 317 746 317 746 317 744 317 744 317 744 317 742 317 742 317 721 315 657 306 610 315 596 317 596 317 596 317 594 317 594 317 592 317 592 317 592 317 590 317 590 317 590 315 588 315 579 306 534 306 501 315 495 317 493 317 493 317 493 317 491 317 491 317 491 317 489 317 489 317 487 317 487 317 487 317 487 315 473 306 347 315 345 315 345 315 243 306 234 313 234 315 234 315 232 315 232 315 232 315 230 315 230 315 230 315 228 315 228 315 226 315 187 306 177 313 177 315 177 315 175 315 175 315 175 315 173 315 173 315 173 315 171 315 171 315 169 315 169 315 169 315 167 315 156 308 46 317"/></Shape>
	    <String CONTENT="que autorité ſur celui qui l’ayme: car elle voit"
                    HPOS="46"
                    VPOS="230"
                    WIDTH="1147"
                    HEIGHT="87"></String>
          </TextLine>

          
          
          <TextLine ID="eSc_line_2651e9fb"
                    TAGREFS="LT1422"
                    BASELINE="44 374 865 372 1185 382" 
                    HPOS="39"
                    VPOS="308"
                    WIDTH="1146"
                    HEIGHT="85">
            <Shape><Polygon POINTS="44 374 40 323 165 308 165 308 167 308 167 308 169 308 169 308 169 308 171 308 171 308 189 323 191 323 204 323 339 312 341 312 341 312 341 312 382 319 393 310 393 310 395 310 395 310 395 310 397 310 397 310 399 310 399 310 399 310 401 310 442 323 446 323 450 323 518 312 518 312 520 312 520 312 520 312 522 312 522 312 522 312 524 312 524 312 538 323 540 323 561 323 653 321 680 310 680 310 682 310 682 310 682 310 684 310 828 321 893 313 893 313 895 313 895 313 897 313 897 313 924 323 924 323 924 323 1134 310 1136 310 1136 310 1136 310 1138 310 1185 325 1185 382 1181 393 668 382 627 388 573 393 573 393 571 393 571 393 505 386 475 382 460 384 419 393 419 393 419 393 417 393 417 393 356 384 345 382 327 382 198 393 196 393 196 393 196 393 195 393 195 393 195 393 171 380 169 380 161 380 87 391 87 391 85 391 85 391 85 391 83 391 39 378"/></Shape>
	    <String CONTENT="en ſon pouuoir, ce que l’Amant pourſuit,"
                    HPOS="39"
                    VPOS="308"
                    WIDTH="1146"
                    HEIGHT="85"></String>
          </TextLine>

          
          
          <TextLine ID="eSc_line_598774f0"
                    TAGREFS="LT1422"
                    BASELINE="40 452 653 448 1189 458" 
                    HPOS="35"
                    VPOS="384"
                    WIDTH="1154"
                    HEIGHT="87">
            <Shape><Polygon POINTS="40 452 35 397 66 384 66 384 68 384 68 384 68 384 70 384 70 384 72 384 72 384 103 395 146 384 148 384 148 384 148 384 150 384 150 384 152 384 152 384 152 384 154 384 154 384 169 397 265 397 292 384 292 384 294 384 294 384 294 384 296 384 296 384 296 384 358 397 364 397 481 397 512 397 526 384 526 384 528 384 528 384 528 384 530 384 530 384 530 384 532 384 532 384 610 395 676 384 676 384 676 384 678 384 678 384 680 384 680 384 680 384 682 384 702 397 705 399 789 399 793 397 805 388 805 386 807 386 807 386 807 386 809 386 809 386 811 386 912 386 912 386 912 386 914 386 953 397 965 401 1004 401 1008 397 1019 388 1019 386 1019 386 1021 386 1021 386 1023 386 1023 386 1023 386 1025 386 1025 386 1027 386 1027 386 1054 397 1062 399 1070 397 1093 386 1093 386 1095 386 1095 386 1095 386 1097 386 1097 386 1189 397 1189 458 1187 460 1140 471 1140 471 1140 471 1138 471 852 464 733 460 723 464 715 469 713 469 713 469 711 469 711 469 711 469 709 469 709 469 674 464 645 460 622 464 596 469 596 469 596 469 594 469 594 469 567 466 538 460 522 466 508 469 508 469 507 469 507 469 505 469 505 469 469 466 421 460 343 466 321 468 321 468 319 468 319 468 308 468 251 458 235 468 235 468 234 468 234 468 234 468 232 468 232 468 232 469 39 469"/></Shape>
	    <String CONTENT="comme eſtant quelque grand bien &amp; fort"
                    HPOS="35"
                    VPOS="384"
                    WIDTH="1154"
                    HEIGHT="87"></String>
          </TextLine>

          
          
          <TextLine ID="eSc_line_623ee1db"
                    TAGREFS="LT1422"
                    BASELINE="39 524 1187 532" 
                    HPOS="35"
                    VPOS="460"
                    WIDTH="1152"
                    HEIGHT="82">
            <Shape><Polygon POINTS="39 524 35 471 60 460 60 460 62 460 62 460 62 460 64 460 64 460 64 460 66 460 101 471 118 460 120 460 120 460 120 460 122 460 122 460 124 460 124 460 124 460 126 460 163 469 234 460 234 460 235 460 235 460 235 460 237 460 284 473 292 475 296 473 321 460 321 460 321 460 323 460 323 460 323 460 325 460 325 460 327 460 327 460 368 473 372 477 571 477 575 477 608 462 608 462 610 462 610 462 610 462 612 462 612 462 719 477 723 477 727 477 891 464 893 464 893 464 893 464 895 464 895 464 897 464 897 464 916 479 918 481 1185 483 1187 532 1183 542 35 532"/></Shape>
	    <String CONTENT="deſirable. Cette autorité veut eſtre reueree"
                    HPOS="35"
                    VPOS="460"
                    WIDTH="1152"
                    HEIGHT="82"></String>
          </TextLine>

          
          
          <TextLine ID="eSc_line_3557b6a3"
                    TAGREFS="LT1422"
                    BASELINE="40 602 1187 612" 
                    HPOS="37"
                    VPOS="538"
                    WIDTH="1150"
                    HEIGHT="91">
            <Shape><Polygon POINTS="40 602 40 549 161 549 161 549 173 540 173 538 173 538 175 538 175 538 175 538 177 538 177 538 179 538 220 538 220 538 220 538 222 538 222 538 253 549 263 540 263 538 263 538 265 538 265 538 265 538 267 538 267 538 269 538 349 540 349 540 349 540 351 540 351 540 352 540 352 540 366 551 368 551 374 551 473 544 475 544 475 544 475 544 477 544 477 544 499 553 501 555 674 555 727 555 774 544 774 544 774 544 776 544 776 544 778 544 778 544 778 544 780 544 795 553 885 546 885 546 887 546 887 546 889 546 889 546 916 555 953 544 955 544 955 544 955 544 957 544 957 544 959 544 959 544 959 544 961 544 980 557 980 557 982 557 1027 546 1029 546 1029 546 1031 546 1031 546 1031 546 1092 557 1156 546 1156 546 1156 546 1158 546 1158 546 1160 546 1160 546 1160 546 1187 559 1187 612 1185 622 1060 629 1058 629 1058 629 971 622 904 618 861 622 805 629 805 629 803 629 803 629 801 629 801 629 801 629 787 622 778 618 758 622 733 629 731 629 731 629 729 629 729 629 729 629 727 629 707 622 686 616 516 616 507 622 505 625 505 625 503 625 503 625 503 625 501 625 501 625 501 625 499 625 499 625 499 625 497 625 497 625 495 625 495 625 495 625 493 622 481 614 430 622 419 624 419 624 417 624 417 624 417 624 415 624 415 624 415 624 413 624 413 624 413 622 413 622 405 614 388 622 380 625 380 625 378 625 378 625 378 625 376 625 376 625 376 625 374 625 364 622 335 614 304 622 292 625 290 625 290 625 288 625 37 622"/></Shape>
	    <String CONTENT="en geſtes, faits, contenances, &amp; paroles. Et de"
                    HPOS="37"
                    VPOS="538"
                    WIDTH="1150"
                    HEIGHT="91"></String>
          </TextLine>

          
          
          <TextLine ID="eSc_line_75fca98a"
                    TAGREFS="LT1422"
                    BASELINE="39 678 1183 686" 
                    HPOS="33"
                    VPOS="614"
                    WIDTH="1150"
                    HEIGHT="86">
            <Shape><Polygon POINTS="39 678 39 625 136 625 138 625 156 614 157 614 157 614 157 614 159 614 159 614 161 614 161 614 161 614 163 614 198 625 200 627 358 627 360 627 386 614 386 614 386 614 388 614 388 614 390 614 390 614 390 614 452 627 454 627 456 627 481 614 481 614 481 614 483 614 483 614 483 614 485 614 485 614 487 614 487 614 487 614 489 614 510 627 510 627 512 627 598 614 598 614 600 614 600 614 600 614 602 614 602 614 602 614 604 614 604 614 622 629 639 616 641 616 641 616 641 616 643 616 643 616 645 616 698 616 698 616 698 616 700 616 700 616 700 616 702 616 702 616 702 618 711 627 733 616 733 616 733 616 735 616 735 616 737 616 807 616 807 616 807 616 809 616 809 616 809 616 811 616 811 616 811 618 824 629 852 620 854 620 854 620 854 620 856 620 856 620 858 620 898 631 902 631 904 631 924 618 926 618 926 618 928 618 928 618 928 618 930 618 930 618 932 618 982 631 986 631 990 631 1035 618 1037 618 1037 618 1039 618 1039 618 1039 618 1041 618 1041 618 1041 618 1043 618 1043 618 1056 631 1181 633 1183 686 1179 700 224 688 222 688 62 696 60 696 60 696 60 696 58 696 58 696 33 684"/></Shape>
	    <String CONTENT="ce vient, que les Amãs choiſiſſent les façons"
                    HPOS="33"
                    VPOS="614"
                    WIDTH="1150"
                    HEIGHT="86"></String>
          </TextLine>

          
          
          <TextLine ID="eSc_line_d783cb5b"
                    TAGREFS="LT1422"
                    BASELINE="37 754 1181 762" 
                    HPOS="33"
                    VPOS="690"
                    WIDTH="1148"
                    HEIGHT="93">
            <Shape><Polygon POINTS="37 754 33 703 62 690 62 690 64 690 64 690 64 690 66 690 66 690 66 690 113 700 195 690 195 690 196 690 196 690 198 690 198 690 198 690 228 703 257 690 257 690 259 690 259 690 259 690 261 690 261 690 263 690 317 705 321 705 321 705 339 692 339 692 341 692 341 692 343 692 343 692 343 692 345 692 345 692 345 692 347 692 347 692 376 705 393 692 393 692 395 692 395 692 397 692 397 692 397 692 399 692 399 692 401 692 401 692 436 705 438 705 438 705 501 692 501 692 501 692 503 692 503 692 586 705 602 694 602 692 602 692 604 692 604 692 606 692 606 692 606 692 608 692 608 692 610 692 668 707 672 707 680 707 809 694 809 694 811 694 811 694 889 709 898 711 967 711 969 709 984 698 986 698 986 698 986 698 988 698 988 698 988 698 990 698 990 698 992 698 992 698 992 698 994 698 994 698 1008 709 1010 711 1179 711 1181 762 1179 783 920 783 918 781 918 781 916 781 916 781 916 781 908 778 893 770 770 776 676 780 674 780 674 780 629 774 592 768 524 772 413 778 411 778 411 778 335 768 312 766 290 768 198 776 198 776 196 776 196 776 195 776 195 776 195 776 175 766 175 766 175 766 126 774 126 774 124 774 124 774 33 762"/></Shape>
	    <String CONTENT="de faire, par leſquelles les perſonnes aymees"
                    HPOS="33"
                    VPOS="690"
                    WIDTH="1148"
                    HEIGHT="93"></String>
          </TextLine>

          
          
          <TextLine ID="eSc_line_978c2b5b"
                    TAGREFS="LT1422"
                    BASELINE="37 828 1181 842" 
                    HPOS="33"
                    VPOS="764"
                    WIDTH="1148"
                    HEIGHT="97">
            <Shape><Polygon POINTS="37 828 37 780 89 780 93 780 140 764 142 764 142 764 142 764 144 764 144 764 146 764 202 780 212 781 222 780 278 766 278 766 278 766 280 766 280 766 280 766 282 766 282 766 284 766 284 766 284 768 300 780 302 781 315 780 409 768 409 768 411 768 411 768 413 768 413 768 413 768 415 768 415 768 415 770 427 781 429 783 473 783 483 781 522 768 524 768 524 768 524 768 526 768 526 768 526 768 528 768 528 768 557 781 567 787 629 787 633 781 645 772 645 770 645 770 647 770 647 770 647 770 649 770 649 770 649 770 651 770 651 770 653 770 653 770 684 781 700 787 801 787 805 783 817 774 817 772 817 772 819 772 819 772 820 772 820 772 820 772 822 772 822 772 824 772 824 772 824 772 826 772 826 772 838 783 844 787 861 783 895 774 897 774 897 774 898 774 898 774 898 774 900 774 930 783 945 787 961 783 998 774 1000 774 1000 774 1002 774 1002 774 1002 774 1004 774 1004 774 1006 774 1021 783 1037 793 1107 793 1119 783 1129 778 1131 778 1131 778 1131 778 1132 778 1132 778 1132 778 1134 778 1134 778 1179 785 1181 842 1177 861 1115 852 1084 859 1078 861 1076 861 1076 861 1074 861 1074 861 1074 861 1072 861 1072 861 1072 861 1070 861 1068 859 1054 852 891 856 873 856 871 856 871 856 869 856 869 856 869 856 867 856 867 856 852 846 731 852 698 854 696 854 696 854 696 854 694 854 694 854 692 854 690 852 674 844 557 848 432 854 430 854 430 854 382 844 352 840 308 844 202 852 200 852 200 852 33 836"/></Shape>
	    <String CONTENT="auront plus d’ocaſion de croire l’eſtime &amp;"
                    HPOS="33"
                    VPOS="764"
                    WIDTH="1148"
                    HEIGHT="97"></String>
          </TextLine>

          
          
          <TextLine ID="eSc_line_3468d556"
                    TAGREFS="LT1422"
                    BASELINE="35 902 1175 918" 
                    HPOS="29"
                    VPOS="838"
                    WIDTH="1146"
                    HEIGHT="96">
            <Shape><Polygon POINTS="35 902 35 848 85 856 95 848 105 840 105 840 107 840 107 840 109 840 109 840 109 840 175 838 177 838 177 838 177 838 179 838 179 838 181 838 200 850 212 858 352 859 388 854 460 842 460 842 462 842 462 842 462 842 464 842 516 858 526 859 534 858 565 844 565 844 567 844 567 844 567 844 569 844 569 844 571 844 571 844 612 859 624 863 627 859 639 848 639 846 639 846 641 846 641 846 641 846 643 846 643 846 645 846 737 846 737 846 737 846 739 846 739 846 781 861 791 865 807 863 879 848 879 848 879 848 881 848 881 848 883 848 883 848 883 848 885 848 885 848 885 850 900 865 902 867 943 867 949 865 990 850 990 850 992 850 992 850 994 850 994 850 994 850 996 850 996 850 996 850 998 850 998 850 1017 867 1173 871 1175 918 1173 924 982 934 980 934 698 922 661 932 659 932 659 932 657 932 657 932 540 918 505 930 503 930 503 930 503 930 501 930 501 930 499 930 446 916 434 926 434 928 434 928 432 928 432 928 432 928 430 928 430 928 430 928 429 928 429 928 427 928 427 928 427 928 425 928 409 918 341 928 341 928 339 928 339 928 337 928 337 928 304 916 72 924 70 924 70 924 68 924 68 924 29 908"/></Shape>
	    <String CONTENT="reputacion que lon ha d’elles. On ſe com¬"
                    HPOS="29"
                    VPOS="838"
                    WIDTH="1146"
                    HEIGHT="96"></String>
          </TextLine>

          
          
          <TextLine ID="eSc_line_f7febb01"
                    TAGREFS="LT1422"
                    BASELINE="40 982 1175 994" 
                    HPOS="35"
                    VPOS="916"
                    WIDTH="1142"
                    HEIGHT="98">
            <Shape><Polygon POINTS="40 982 35 932 56 918 58 918 58 918 58 918 60 918 60 918 62 918 62 918 64 918 103 928 117 916 117 916 118 916 118 916 118 916 120 916 120 916 122 916 179 916 179 916 179 916 181 916 181 916 181 916 183 916 206 934 376 934 415 918 415 918 417 918 417 918 417 918 419 918 419 918 421 918 421 918 421 918 452 934 624 926 625 926 625 926 696 937 715 922 715 922 717 922 717 922 717 922 719 922 719 922 721 922 797 922 797 922 797 922 799 922 861 939 969 924 969 924 971 924 971 924 971 924 973 924 973 924 975 924 975 924 975 926 994 941 994 943 1035 943 1062 943 1078 928 1078 926 1078 926 1080 926 1080 926 1080 926 1082 926 1082 926 1082 926 1084 926 1084 926 1086 926 1086 926 1086 926 1107 936 1150 928 1150 928 1150 928 1152 928 1152 928 1154 928 1154 928 1154 928 1156 928 1156 928 1177 943 1175 994 1173 1006 1019 1014 1017 1014 1017 1014 939 1006 895 1002 858 1006 807 1012 807 1012 805 1012 805 1012 803 1012 781 1006 762 1000 713 1006 670 1010 670 1010 668 1010 618 1006 549 998 512 1004 491 1008 491 1008 491 1008 489 1008 489 1008 487 1008 473 1004 448 998 432 1004 423 1008 423 1008 421 1008 421 1008 421 1008 419 1008 419 1008 419 1008 417 1008 417 1008 415 1008 409 1004 393 996 325 996 257 1004 232 1006 232 1006 230 1006 230 1006 228 1006 228 1006 220 1004 193 994 39 1002"/></Shape>
	    <String CONTENT="poſe les yeus à douceur &amp; pitié, on adoucit le"
                    HPOS="35"
                    VPOS="916"
                    WIDTH="1142"
                    HEIGHT="98"></String>
          </TextLine>

          
          
          <TextLine ID="eSc_line_2b60f3f5"
                    TAGREFS="LT1422"
                    BASELINE="31 1053 1173 1074" 
                    HPOS="27"
                    VPOS="992"
                    WIDTH="1146"
                    HEIGHT="100">
            <Shape><Polygon POINTS="31 1053 27 1004 58 992 58 992 60 992 60 992 62 992 62 992 64 992 64 992 97 1004 124 994 124 994 126 994 126 994 128 994 128 994 128 994 130 994 130 994 130 994 132 994 132 994 132 996 144 1006 144 1006 152 1006 235 998 235 998 237 998 237 998 239 998 239 998 239 998 241 998 241 998 241 1000 251 1008 251 1008 263 1008 440 998 442 998 442 998 442 998 444 998 444 998 446 998 446 998 446 1000 446 1000 448 1000 454 1010 469 1000 471 1000 471 1000 471 1000 473 1000 473 1000 475 1000 475 1000 475 1000 477 1000 512 1012 546 1000 546 1000 547 1000 547 1000 549 1000 549 1000 549 1000 551 1000 551 1000 551 1000 553 1000 553 1000 569 1014 571 1014 573 1014 649 1002 649 1002 651 1002 651 1002 651 1002 653 1002 653 1002 655 1002 655 1002 655 1004 668 1015 670 1017 885 1019 889 1019 959 1008 959 1008 961 1008 961 1008 961 1008 963 1008 963 1008 965 1008 986 1021 986 1021 990 1021 1060 1012 1060 1012 1062 1012 1062 1012 1062 1012 1064 1012 1097 1023 1099 1023 1099 1023 1136 1012 1138 1012 1138 1012 1138 1012 1140 1012 1140 1012 1142 1012 1142 1012 1173 1025 1173 1074 1171 1082 986 1092 984 1092 984 1092 984 1092 982 1092 941 1080 941 1080 939 1080 815 1088 813 1088 813 1088 813 1088 811 1088 780 1078 760 1088 760 1088 760 1088 758 1088 758 1088 758 1088 756 1088 756 1088 754 1088 754 1088 754 1088 752 1088 735 1076 735 1076 729 1076 659 1086 659 1086 657 1086 657 1086 544 1074 528 1072 516 1072 448 1082 448 1082 446 1082 446 1082 446 1082 444 1082 444 1082 419 1072 419 1072 417 1072 150 1076 148 1076 148 1076 146 1076 146 1076 146 1076 144 1076 130 1066 126 1064 120 1066 101 1074 101 1074 99 1074 99 1074 97 1074 97 1074 27 1064"/></Shape>
	    <String CONTENT="front, on amollit le langage, encore que de"
                    HPOS="27"
                    VPOS="992"
                    WIDTH="1146"
                    HEIGHT="100"></String>
          </TextLine>

          
          
          <TextLine ID="eSc_line_ff543176"
                    TAGREFS="LT1422"
                    BASELINE="27 1131 1170 1154" 
                    HPOS="21"
                    VPOS="1062"
                    WIDTH="1149"
                    HEIGHT="98">
            <Shape><Polygon POINTS="27 1131 21 1080 44 1062 44 1062 46 1062 46 1062 46 1062 48 1062 48 1062 50 1062 50 1062 218 1082 399 1068 401 1068 401 1068 401 1068 508 1088 575 1078 575 1078 577 1078 577 1078 577 1078 579 1078 616 1088 661 1074 663 1074 663 1074 663 1074 664 1074 664 1074 666 1074 666 1074 713 1092 781 1084 781 1084 783 1084 783 1084 869 1093 887 1080 887 1080 889 1080 889 1080 889 1080 891 1080 891 1080 893 1080 947 1080 947 1080 947 1080 949 1080 949 1080 994 1097 1068 1082 1068 1082 1068 1082 1070 1082 1070 1082 1070 1082 1168 1103 1170 1154 1166 1160 23 1142"/></Shape>
	    <String CONTENT="ſon naturel l’Amant uſt le regard horrible,"
                    HPOS="21"
                    VPOS="1062"
                    WIDTH="1149"
                    HEIGHT="98"></String>
          </TextLine>

          
          
          <TextLine ID="eSc_line_ebcc0df6"
                    TAGREFS="LT1422"
                    BASELINE="27 1205 1171 1226" 
                    HPOS="23"
                    VPOS="1136"
                    WIDTH="1148"
                    HEIGHT="106">
            <Shape><Polygon POINTS="27 1205 27 1136 126 1138 126 1138 126 1138 128 1138 128 1138 128 1138 130 1138 130 1138 130 1140 146 1156 173 1156 241 1142 241 1142 241 1142 243 1142 243 1142 243 1142 245 1142 245 1142 273 1154 313 1142 315 1142 315 1142 315 1142 317 1142 317 1142 319 1142 319 1142 364 1158 380 1144 380 1144 382 1144 382 1144 382 1144 384 1144 384 1144 384 1144 386 1144 386 1144 388 1144 436 1156 508 1146 508 1146 510 1146 510 1146 510 1146 512 1146 512 1146 557 1166 713 1166 744 1150 744 1150 744 1150 746 1150 746 1150 746 1150 746 1150 748 1150 748 1150 748 1150 750 1150 750 1150 750 1150 787 1168 819 1158 820 1158 820 1158 820 1158 822 1158 822 1158 822 1158 824 1158 863 1170 926 1170 955 1154 955 1154 955 1154 957 1154 957 1154 957 1154 957 1154 959 1154 959 1154 961 1154 961 1154 961 1154 961 1154 963 1154 963 1154 963 1156 963 1156 978 1173 1113 1173 1168 1158 1171 1226 1168 1240 803 1232 799 1232 778 1242 778 1242 776 1242 776 1242 776 1242 774 1242 774 1242 772 1242 772 1242 744 1232 739 1230 711 1230 561 1238 559 1238 559 1238 444 1224 430 1224 417 1224 284 1232 282 1232 23 1214"/></Shape>
	    <String CONTENT="le front deſpité, &amp; langage ſot &amp; rude: car il"
                    HPOS="23"
                    VPOS="1136"
                    WIDTH="1148"
                    HEIGHT="106"></String>
          </TextLine>

          
          
          <TextLine ID="eSc_line_55f4a31f"
                    TAGREFS="LT1422"
                    BASELINE="27 1281 1164 1308" 
                    HPOS="23"
                    VPOS="1214"
                    WIDTH="1141"
                    HEIGHT="110">
            <Shape><Polygon POINTS="27 1281 27 1214 128 1230 173 1218 185 1216 187 1216 187 1216 189 1216 189 1216 189 1216 191 1216 191 1216 191 1216 193 1216 193 1216 193 1218 195 1218 195 1220 200 1226 235 1220 257 1218 257 1218 259 1218 259 1218 259 1218 261 1218 261 1218 273 1222 302 1236 374 1236 386 1226 390 1224 390 1222 390 1222 391 1222 391 1222 393 1222 393 1222 393 1222 395 1222 395 1222 397 1222 397 1222 411 1228 438 1240 635 1242 647 1236 657 1230 659 1230 659 1230 661 1230 661 1230 661 1230 663 1230 663 1230 664 1230 664 1230 664 1230 666 1230 676 1238 686 1244 694 1238 702 1230 702 1230 703 1230 703 1230 703 1230 705 1230 705 1230 707 1230 756 1230 756 1230 756 1230 758 1230 758 1230 785 1242 795 1244 803 1242 834 1232 836 1232 836 1232 836 1232 838 1232 838 1232 840 1232 840 1232 840 1232 842 1232 842 1232 842 1234 854 1244 858 1248 869 1244 898 1234 900 1234 900 1234 900 1234 902 1234 902 1234 904 1234 904 1234 904 1234 906 1234 924 1246 924 1246 926 1246 969 1236 969 1236 969 1236 971 1236 971 1236 971 1236 973 1236 973 1236 975 1236 975 1236 990 1248 994 1251 1164 1255 1164 1308 1160 1324 23 1288"/></Shape>
	    <String CONTENT="ha inceſſammẽt au cœur l’obiect de l’amour,"
                    HPOS="23"
                    VPOS="1214"
                    WIDTH="1141"
                    HEIGHT="110"></String>
          </TextLine>

          
          
          <TextLine ID="eSc_line_fc058893"
                    TAGREFS="LT1422"
                    BASELINE="29 1355 1166 1382" 
                    HPOS="25"
                    VPOS="1290"
                    WIDTH="1141"
                    HEIGHT="102">
            <Shape><Polygon POINTS="29 1355 29 1306 83 1306 85 1306 103 1290 103 1290 105 1290 105 1290 105 1290 107 1290 107 1290 109 1290 109 1290 109 1290 111 1290 111 1290 111 1290 113 1290 113 1290 113 1292 115 1292 115 1292 120 1300 191 1296 193 1296 193 1296 193 1296 195 1296 195 1296 196 1296 216 1308 218 1310 230 1308 321 1296 321 1296 323 1296 323 1296 323 1296 325 1296 325 1296 358 1312 364 1316 403 1316 409 1312 430 1298 432 1298 432 1298 434 1298 434 1298 434 1298 436 1298 546 1302 546 1302 546 1302 547 1302 547 1302 549 1302 549 1302 549 1304 549 1304 561 1316 563 1318 585 1316 678 1304 678 1304 680 1304 680 1304 682 1304 682 1304 682 1304 684 1304 684 1304 702 1318 705 1322 715 1318 748 1306 748 1306 750 1306 750 1306 752 1306 752 1306 752 1306 754 1306 754 1306 756 1306 756 1306 756 1308 758 1308 758 1308 764 1318 803 1308 805 1308 805 1308 807 1308 807 1308 807 1308 809 1308 809 1308 809 1308 832 1320 844 1327 895 1327 898 1322 910 1312 910 1310 910 1310 912 1310 912 1310 912 1310 914 1310 914 1310 916 1310 916 1310 916 1310 918 1310 955 1322 973 1327 1164 1327 1166 1382 1162 1392 25 1370"/></Shape>
	    <String CONTENT="qui lui cauſe un deſir d’eſtre dine d’en rece¬"
                    HPOS="25"
                    VPOS="1290"
                    WIDTH="1141"
                    HEIGHT="102"></String>
          </TextLine>

          
          
          <TextLine ID="eSc_line_6f9fa9d8"
                    TAGREFS="LT1422"
                    BASELINE="27 1433 1168 1458" 
                    HPOS="21"
                    VPOS="1370"
                    WIDTH="1147"
                    HEIGHT="108">
            <Shape><Polygon POINTS="27 1433 25 1384 113 1370 113 1370 115 1370 185 1372 185 1372 185 1372 187 1372 187 1372 187 1372 189 1372 189 1372 204 1386 208 1390 321 1390 329 1388 362 1376 364 1376 364 1376 364 1376 366 1376 366 1376 368 1376 368 1376 368 1376 370 1376 388 1388 393 1392 423 1390 512 1380 512 1380 514 1380 514 1380 516 1380 516 1380 516 1380 518 1380 534 1392 538 1394 561 1392 639 1382 639 1382 641 1382 641 1382 643 1382 643 1382 643 1382 666 1394 676 1398 692 1394 727 1384 729 1384 729 1384 731 1384 731 1384 731 1384 733 1384 768 1394 785 1400 801 1396 822 1388 824 1388 824 1388 824 1388 826 1388 826 1388 826 1388 867 1396 906 1404 1166 1402 1168 1458 1168 1468 1144 1478 1144 1478 1142 1478 1142 1478 1140 1478 1140 1478 1002 1464 990 1464 986 1464 932 1476 932 1476 932 1476 930 1476 930 1476 930 1476 928 1476 889 1462 887 1462 883 1462 760 1470 758 1470 758 1470 758 1470 707 1460 664 1470 663 1470 663 1470 661 1470 661 1470 553 1454 549 1454 546 1454 384 1464 382 1464 382 1464 380 1464 333 1452 321 1462 321 1462 319 1462 319 1462 317 1462 317 1462 317 1462 315 1462 315 1462 315 1462 313 1462 282 1452 212 1460 212 1460 210 1460 210 1460 208 1460 161 1446 144 1458 142 1458 142 1458 142 1458 140 1458 140 1458 138 1458 138 1458 136 1458 136 1458 136 1458 107 1444 58 1452 58 1452 56 1452 56 1452 56 1452 54 1452 21 1441"/></Shape>
	    <String CONTENT="uoir faueur, laquelle il ſcet bien ne pouuoir"
                    HPOS="21"
                    VPOS="1370"
                    WIDTH="1147"
                    HEIGHT="108"></String>
          </TextLine>

          
          
          <TextLine ID="eSc_line_908bf201"
                    TAGREFS="LT1422"
                    BASELINE="27 1509 1170 1534" 
                    HPOS="23"
                    VPOS="1448"
                    WIDTH="1147"
                    HEIGHT="106">
            <Shape><Polygon POINTS="27 1509 25 1458 212 1448 214 1448 214 1448 216 1448 255 1460 274 1464 302 1460 352 1452 352 1452 354 1452 354 1452 354 1452 356 1452 356 1452 380 1460 399 1468 442 1462 456 1460 456 1460 458 1460 458 1460 458 1460 471 1462 520 1470 536 1462 549 1456 549 1456 549 1456 551 1456 551 1456 553 1456 553 1456 553 1456 555 1456 555 1456 555 1456 557 1456 557 1456 557 1458 563 1462 573 1472 639 1464 641 1464 641 1464 643 1464 643 1464 647 1464 744 1476 791 1466 807 1462 807 1462 807 1462 809 1462 809 1462 811 1462 811 1462 811 1462 813 1462 817 1466 836 1478 879 1466 887 1464 889 1464 889 1464 891 1464 891 1464 891 1464 893 1464 902 1466 951 1480 998 1468 1004 1466 1006 1466 1006 1466 1008 1466 1008 1466 1008 1466 1010 1466 1010 1466 1010 1466 1014 1468 1041 1482 1168 1470 1170 1534 1168 1544 1027 1554 1025 1554 1025 1554 1025 1554 967 1542 967 1542 965 1542 918 1552 918 1552 918 1552 916 1552 916 1552 836 1540 824 1550 824 1550 822 1550 822 1550 822 1550 820 1550 820 1550 820 1550 819 1550 23 1524"/></Shape>
	    <String CONTENT="auoir ſans changer ſon naturel. Ainſi entre"
                    HPOS="23"
                    VPOS="1448"
                    WIDTH="1147"
                    HEIGHT="106"></String>
          </TextLine>

          
          
          <TextLine ID="eSc_line_822467fd"
                    TAGREFS="LT1422"
                    BASELINE="25 1583 1168 1612" 
                    HPOS="21"
                    VPOS="1526"
                    WIDTH="1147"
                    HEIGHT="98">
            <Shape><Polygon POINTS="25 1583 23 1530 126 1526 128 1526 128 1526 195 1534 253 1542 274 1536 292 1532 294 1532 294 1532 294 1532 296 1532 296 1532 298 1532 298 1532 313 1538 331 1544 351 1540 380 1532 382 1532 382 1532 384 1532 384 1532 384 1532 386 1532 386 1532 388 1532 401 1540 411 1548 571 1550 602 1548 668 1540 668 1540 670 1540 670 1540 672 1540 672 1540 672 1540 674 1540 674 1540 674 1542 684 1550 686 1554 943 1560 957 1558 1012 1548 1012 1548 1014 1548 1014 1548 1168 1565 1168 1612 1164 1624 21 1595"/></Shape>
	    <String CONTENT="les hommes Amour cauſe une connoiſſance"
                    HPOS="21"
                    VPOS="1526"
                    WIDTH="1147"
                    HEIGHT="98"></String>
          </TextLine>

          
          
          <TextLine ID="eSc_line_f1cc4950"
                    TAGREFS="LT1422"
                    BASELINE="23 1661 1162 1690" 
                    HPOS="19"
                    VPOS="1600"
                    WIDTH="1145"
                    HEIGHT="100">
            <Shape><Polygon POINTS="23 1661 21 1604 157 1600 159 1600 159 1600 161 1600 161 1600 161 1600 163 1600 163 1600 173 1608 187 1620 239 1620 271 1612 304 1604 306 1604 306 1604 308 1604 308 1604 308 1604 310 1604 310 1604 312 1604 312 1604 323 1614 339 1626 401 1626 417 1618 436 1608 436 1608 436 1608 438 1608 438 1608 440 1608 473 1608 473 1608 473 1608 475 1608 475 1608 475 1608 477 1608 477 1608 477 1610 477 1610 487 1620 491 1624 497 1620 520 1610 520 1610 522 1610 522 1610 522 1610 524 1610 563 1612 563 1612 563 1612 565 1612 565 1612 567 1612 567 1612 567 1614 579 1624 585 1630 602 1624 622 1618 624 1618 624 1618 624 1618 625 1618 625 1618 625 1618 627 1618 627 1618 629 1618 629 1618 639 1626 647 1632 655 1626 672 1614 674 1614 674 1614 674 1614 676 1614 676 1614 678 1614 678 1614 678 1614 680 1614 680 1614 682 1614 682 1614 700 1628 709 1636 783 1636 815 1632 906 1620 906 1620 908 1620 908 1620 908 1620 910 1620 910 1620 947 1638 949 1638 951 1638 992 1622 992 1622 994 1622 994 1622 996 1622 996 1622 996 1622 998 1622 998 1622 1000 1622 1000 1622 1000 1624 1000 1624 1014 1638 1023 1630 1023 1630 1025 1630 1025 1630 1027 1630 1027 1630 1027 1630 1029 1630 1029 1630 1031 1630 1074 1639 1117 1632 1117 1632 1117 1632 1119 1632 1119 1632 1121 1632 1164 1645 1162 1690 1160 1700 631 1700 629 1698 397 1680 362 1690 360 1690 360 1690 358 1690 358 1690 232 1678 175 1686 175 1686 173 1686 173 1686 173 1686 171 1686 171 1686 144 1673 19 1669"/></Shape>
	    <String CONTENT="de ſoymeſme. Celui qui ne tache à com¬"
                    HPOS="19"
                    VPOS="1600"
                    WIDTH="1145"
                    HEIGHT="100"></String>
          </TextLine>

          
          
          <TextLine ID="eSc_line_43116d4d"
                    TAGREFS="LT1422"
                    BASELINE="29 1735 448 1755 1164 1768" 
                    HPOS="25"
                    VPOS="1677"
                    WIDTH="1139"
                    HEIGHT="115">
            <Shape><Polygon POINTS="29 1735 25 1690 58 1677 58 1677 60 1677 60 1677 62 1677 136 1678 136 1678 136 1678 138 1678 138 1678 138 1678 140 1678 140 1678 140 1680 142 1680 148 1688 195 1678 195 1678 195 1678 196 1678 196 1678 196 1678 198 1678 237 1692 243 1694 247 1692 263 1682 265 1682 265 1682 267 1682 267 1682 267 1682 269 1682 269 1682 271 1682 271 1682 271 1682 273 1682 273 1682 284 1692 286 1694 292 1692 335 1682 337 1682 337 1682 339 1682 339 1682 339 1682 341 1682 341 1682 343 1682 343 1682 356 1694 364 1700 390 1694 409 1690 409 1690 409 1690 411 1690 411 1690 440 1694 495 1704 557 1696 604 1690 604 1690 606 1690 606 1690 608 1690 608 1690 608 1690 622 1696 645 1708 686 1700 686 1700 686 1700 688 1700 688 1700 789 1712 803 1698 805 1698 805 1696 805 1696 807 1696 807 1696 807 1696 809 1696 809 1696 811 1696 840 1696 840 1696 840 1696 842 1696 842 1696 850 1700 883 1714 924 1700 926 1700 928 1700 928 1700 928 1700 930 1700 930 1700 930 1700 936 1700 1017 1717 1162 1704 1164 1768 1162 1780 1082 1792 1082 1792 1080 1792 1080 1792 1010 1778 994 1776 980 1778 945 1786 945 1786 945 1786 943 1786 943 1786 943 1786 941 1786 941 1786 939 1786 928 1778 922 1776 865 1776 641 1782 639 1782 639 1782 639 1782 637 1782 610 1772 598 1770 567 1772 503 1778 503 1778 501 1778 501 1778 499 1778 499 1778 479 1772 452 1762 427 1770 421 1772 419 1772 419 1772 419 1772 417 1772 417 1772 417 1772 415 1772 415 1772 413 1772 413 1772 413 1772 411 1770 399 1758 339 1756 251 1756 222 1768 214 1770 214 1770 212 1770 212 1770 210 1770 210 1770 210 1770 208 1770 208 1770 208 1770 206 1770 206 1770 204 1768 187 1753 72 1753 29 1764"/></Shape>
	    <String CONTENT="plaire à perſonne, quelque perfeccion qu’il"
                    HPOS="25"
                    VPOS="1677"
                    WIDTH="1139"
                    HEIGHT="115"></String>
          </TextLine>

          
          
          <TextLine ID="eSc_line_33472391"
                    TAGREFS="LT1422"
                    BASELINE="21 1811 688 1838 1160 1844" 
                    HPOS="15"
                    VPOS="1751"
                    WIDTH="1145"
                    HEIGHT="121">
            <Shape><Polygon POINTS="21 1811 15 1764 37 1751 39 1751 39 1751 39 1751 40 1751 40 1751 42 1751 42 1751 154 1766 179 1770 200 1768 267 1758 267 1758 269 1758 269 1758 269 1758 271 1758 271 1758 271 1758 273 1758 288 1770 296 1776 415 1778 442 1772 475 1764 475 1764 475 1764 477 1764 477 1764 477 1764 479 1764 479 1764 481 1764 481 1764 481 1766 491 1772 499 1780 542 1774 585 1768 585 1768 586 1768 586 1768 588 1768 588 1768 606 1776 627 1784 647 1776 661 1770 661 1770 663 1770 663 1770 663 1770 664 1770 664 1770 666 1770 666 1770 666 1770 668 1770 668 1770 676 1776 688 1786 703 1776 713 1772 713 1772 713 1772 715 1772 715 1772 715 1772 717 1772 717 1772 719 1772 741 1778 787 1792 910 1794 955 1782 961 1780 963 1780 963 1780 963 1780 965 1780 965 1780 967 1780 975 1782 1017 1794 1031 1782 1031 1782 1031 1782 1033 1782 1033 1782 1033 1782 1035 1782 1035 1782 1037 1782 1037 1782 1037 1782 1039 1782 1039 1782 1039 1782 1041 1782 1041 1782 1064 1797 1158 1786 1160 1844 1158 1858 1099 1872 1099 1872 1099 1872 1097 1872 1097 1872 1095 1872 1033 1854 865 1854 854 1864 854 1864 852 1864 852 1864 852 1864 850 1864 850 1864 850 1864 848 1864 848 1864 846 1864 846 1864 809 1850 783 1860 783 1860 781 1860 781 1860 781 1860 780 1860 516 1844 419 1850 417 1850 417 1850 417 1850 415 1850 415 1850 415 1850 413 1850 413 1850 399 1838 237 1842 235 1842 235 1842 235 1842 234 1842 234 1842 204 1829 17 1823"/></Shape>
	    <String CONTENT="ait, n’en ha non plus de plaiſir, que celui qui"
                    HPOS="15"
                    VPOS="1751"
                    WIDTH="1145"
                    HEIGHT="121"></String>
          </TextLine>

          
          
          <TextLine ID="eSc_line_f7eaa22a"
                    TAGREFS="LT1422"
                    BASELINE="29 1891 668 1914 1154 1920" 
                    HPOS="27"
                    VPOS="1833"
                    WIDTH="1129"
                    HEIGHT="103">
            <Shape><Polygon POINTS="29 1891 27 1840 152 1833 154 1833 154 1833 154 1833 156 1833 156 1833 156 1833 157 1833 157 1833 169 1844 171 1844 173 1844 216 1834 216 1834 216 1834 218 1834 218 1834 218 1834 220 1834 220 1834 245 1846 251 1848 261 1846 306 1836 306 1836 306 1836 308 1836 308 1836 310 1836 310 1836 310 1836 312 1836 329 1848 333 1850 335 1848 358 1838 358 1838 360 1838 360 1838 360 1838 362 1838 362 1838 364 1838 364 1838 364 1838 366 1838 366 1838 380 1850 382 1852 388 1850 419 1840 421 1840 421 1840 421 1840 423 1840 423 1840 423 1840 471 1850 505 1842 507 1842 507 1842 508 1842 508 1842 508 1842 510 1842 510 1842 512 1842 512 1842 512 1844 524 1854 528 1858 799 1864 803 1862 822 1852 822 1852 822 1852 824 1852 824 1852 826 1852 826 1852 826 1852 828 1852 867 1864 873 1866 877 1864 910 1854 912 1854 912 1854 914 1854 1012 1856 1012 1856 1012 1856 1014 1856 1014 1856 1049 1870 1051 1872 1105 1872 1105 1872 1115 1864 1115 1862 1115 1862 1117 1862 1117 1862 1117 1862 1119 1862 1119 1862 1121 1862 1121 1862 1121 1862 1123 1862 1156 1873 1154 1920 1150 1936 306 1918 306 1918 288 1918 161 1905 27 1911"/></Shape>
	    <String CONTENT="porte une fleur dedens ſa manche. Mais ce¬"
                    HPOS="27"
                    VPOS="1833"
                    WIDTH="1129"
                    HEIGHT="103"></String>
          </TextLine>

          
          
          <TextLine ID="eSc_line_77ee2873"
                    TAGREFS="LT1422"
                    BASELINE="19 1963 684 1992 1158 2000" 
                    HPOS="15"
                    VPOS="1899"
                    WIDTH="1143"
                    HEIGHT="119">
            <Shape><Polygon POINTS="19 1963 15 1911 60 1899 62 1899 62 1899 64 1899 64 1899 64 1899 66 1899 109 1912 130 1918 161 1914 228 1905 228 1905 230 1905 230 1905 230 1905 232 1905 232 1905 232 1905 234 1905 234 1905 247 1916 251 1920 261 1916 288 1907 288 1907 290 1907 290 1907 292 1907 292 1907 292 1907 294 1907 294 1907 323 1918 349 1928 370 1920 395 1911 395 1911 397 1911 397 1911 399 1911 399 1911 399 1911 401 1911 401 1911 403 1911 403 1911 403 1912 405 1912 413 1920 415 1924 425 1922 442 1918 442 1918 442 1918 444 1918 444 1918 444 1918 446 1918 446 1918 448 1918 448 1918 448 1920 452 1922 464 1932 618 1928 618 1928 620 1928 620 1928 620 1928 622 1928 622 1928 647 1938 664 1928 680 1920 680 1920 680 1920 682 1920 682 1920 682 1920 684 1920 684 1920 686 1920 686 1920 709 1930 741 1942 774 1932 785 1928 787 1928 787 1928 787 1928 789 1928 789 1928 791 1928 791 1928 791 1928 801 1932 824 1944 891 1936 904 1934 904 1934 906 1934 906 1934 908 1934 916 1936 951 1948 1017 1948 1033 1940 1041 1934 1043 1934 1043 1934 1043 1934 1045 1934 1045 1934 1045 1934 1047 1934 1158 1944 1158 2000 1156 2012 941 2018 939 2018 939 2018 937 2018 937 2018 937 2018 936 2018 936 2018 936 2016 934 2016 926 2006 926 2006 914 2006 768 2012 766 2012 15 1979"/></Shape>
	    <String CONTENT="lui qui deſire plaire, inceſſamment penſe à"
                    HPOS="15"
                    VPOS="1899"
                    WIDTH="1143"
                    HEIGHT="119"></String>
          </TextLine>

          
          
          <TextLine ID="eSc_line_ebf4d0ee"
                    TAGREFS="LT1422"
                    BASELINE="17 2041 713 2070 1160 2076" 
                    HPOS="17"
                    VPOS="1981"
                    WIDTH="1147"
                    HEIGHT="126">
            <Shape><Polygon POINTS="17 2041 17 1983 89 1990 117 1987 146 1981 146 1981 146 1981 148 1981 148 1981 208 1990 265 1998 278 1992 292 1987 292 1987 294 1987 294 1987 294 1987 296 1987 296 1987 296 1987 298 1987 298 1987 315 1994 325 2000 495 2006 512 2002 538 1996 540 1996 540 1996 542 1996 542 1996 544 1996 544 1996 544 1996 546 1996 557 2004 563 2008 575 2004 606 1996 608 1996 608 1996 610 1996 610 1996 610 1996 612 1996 612 1996 637 2008 643 2010 657 2008 713 2000 713 2000 715 2000 715 2000 715 2000 717 2000 717 2000 719 2000 737 2012 741 2014 746 2012 780 2002 781 2002 781 2002 781 2002 783 2002 783 2002 785 2002 838 2016 848 2020 978 2022 978 2022 998 2012 998 2012 998 2012 1000 2012 1000 2012 1000 2012 1002 2012 1002 2012 1004 2012 1004 2012 1004 2012 1006 2012 1006 2012 1019 2024 1021 2024 1025 2024 1132 2014 1132 2014 1134 2014 1134 2014 1136 2014 1136 2014 1136 2014 1138 2014 1164 2029 1160 2076 1156 2096 1021 2094 1019 2094 1000 2107 998 2107 998 2107 998 2107 996 2107 996 2107 996 2107 994 2107 994 2107 992 2107 992 2107 992 2107 990 2107 990 2107 990 2106 990 2106 976 2092 976 2092 975 2092 941 2102 939 2102 939 2102 937 2102 937 2102 937 2102 936 2102 902 2092 875 2106 875 2106 875 2106 873 2106 873 2106 871 2106 871 2106 871 2106 803 2092 737 2100 737 2100 735 2100 735 2100 735 2100 733 2100 692 2086 678 2082 661 2086 608 2096 608 2096 608 2096 606 2096 493 2092 493 2092 493 2092 491 2092 491 2092 489 2092 473 2080 466 2076 454 2080 427 2090 425 2090 425 2090 425 2090 423 2090 349 2086 349 2086 347 2086 347 2086 347 2086 345 2086 345 2086 345 2084 343 2084 339 2078 335 2074 329 2078 310 2086 310 2086 308 2086 308 2086 306 2086 306 2086 306 2086 304 2086 273 2076 273 2076 271 2076 245 2084 243 2084 243 2084 243 2084 241 2084 241 2084 239 2084 202 2074 159 2063 37 2061 17 2070"/></Shape>
	    <String CONTENT="ſon fait: mire &amp; remire la choſe aymee : ſuit"
                    HPOS="17"
                    VPOS="1981"
                    WIDTH="1147"
                    HEIGHT="126"></String>
          </TextLine>

          
        </TextBlock>
        
        <TextBlock HPOS="874"
                   VPOS="2097"
                   WIDTH="288"
                   HEIGHT="65"
                   ID="eSc_textblock_53e3e0d6"
                   TAGREFS="BT4318">
          <Shape><Polygon POINTS="874 2097 874 2162 1162 2162 1162 2097"/></Shape>
          
          
          <TextLine ID="eSc_line_cb4c6ed8"
                    TAGREFS="LT1422"
                    BASELINE="867 2150 914 2154" 
                    HPOS="863"
                    VPOS="2080"
                    WIDTH="53"
                    HEIGHT="92">
            <Shape><Polygon POINTS="867 2150 869 2086 916 2080 914 2154 910 2172 863 2168"/></Shape>
	    <String CONTENT="d"
                    HPOS="863"
                    VPOS="2080"
                    WIDTH="53"
                    HEIGHT="92"></String>
          </TextLine>

          
          
          <TextLine ID="eSc_line_f79e8e80"
                    TAGREFS="LT1422"
                    BASELINE="1064 2154 1158 2154" 
                    HPOS="1064"
                    VPOS="2096"
                    WIDTH="94"
                    HEIGHT="82">
            <Shape><Polygon POINTS="1064 2154 1064 2096 1158 2106 1158 2154 1158 2174 1064 2178"/></Shape>
	    <String CONTENT="les"
                    HPOS="1064"
                    VPOS="2096"
                    WIDTH="94"
                    HEIGHT="82"></String>
          </TextLine>

          
        </TextBlock>
        

        
      </PrintSpace>
    </Page>
  </Layout>
</alto>
