1340 2356
70 1 65 101 50

542 -5 363 75 DEBAT

111 68 1168 106 les vertus, qu’il voit lui eſtre agreables, &

115 157 1164 94 s’adonne aus complexions contraires à ſoy¬

123 233 1160 92 meſme, comme celui qui porte le bouquet

125 310 1158 92 en main, donne certein iugement de quelle

123 382 1161 95 fleur vient l’odeur & ſenteur qui plus lui eſt

131 461 1155 102 agreable. Apres que l’Amant ha composé

127 537 1161 106 ſon corps & complexion à contenter l’eſprit

135 614 1148 106 de l’aymee, il donne ordre que tout ce qu’el¬

131 691 1155 104 le verra ſur lui, ou lui donnera plaiſir, ou

147 769 1137 104 pour le moins elle n’y trouuera à ſe facher.

139 840 1145 106 De là ha ù ſource la plaiſante inuẽciõ des ha¬

145 924 1143 98 bits nouueaus. Car on ne veut iamais venir

141 995 1149 106 à ennui & laſſeté, qui prouient de voir touſ¬

141 1073 1145 106 iours une meſme choſe. L’homme ha touſ¬

141 1152 1149 110 iours meſme corps, meſme teſte, meſme

147 1232 1143 112 bras, iambes, & piez: mais il les diuerſifie de

149 1303 1143 118 tant de ſortes, qu’il ſemble tous les iours eſtre

147 1382 1147 114 renouuelé. Chemiſes parfumees de mile &

147 1456 1145 122 mile ſortes d’ouurages: bonnet à la ſaiſon,

153 1549 1137 106 pourpoint, chauſſes iointes & ſerrees, mon¬

151 1613 1139 114 trans les mouuemens du corps bien diſposé:

153 1688 1137 118 mile façons de bottines, brodequins, eſcar¬

153 1770 1137 106 pins, ſouliers, ſayons, caſaquins, robbes, rob¬

151 1847 1139 114 bons, cappes, manteaus: le tout en ſi bon or¬

147 1920 1149 121 dre, que rien ne paſſe. Et que dirons nous

147 1994 1151 142 des femmes, l’habit deſquelles, & l’ornement

1231 2063 69 110 de
