1328 2328
17 77 1159 95 de corps, dont elles uſent, eſt fait pour plai¬

19 155 1159 93 re, ſi iamais rien fut fait. Eſt il poſſible de

21 238 1159 84 mieus parer une teſte, que les Dames font

23 314 1153 89 & feront à iamais? auoir cheueus mieus do¬

17 391 1159 84 rez, creſpes, frizez? acoutrement de teſte

23 467 1145 85 mieus ſeant, quand elles s’acoutreront à l’Eſ¬

27 543 1139 91 pagnole, à la Françoiſe, à l’Alemande, à l’Ita¬

19 618 1147 93 lienne, à la Grecque? Quelle diligence met¬

15 696 1151 83 tent elles au demeurant de la face? Laquel¬

21 774 1147 87 le, ſi elle eſt belle, ils contregardent tant bien

17 851 1149 86 contre les pluies, vents, chaleurs, tems &

19 925 1147 95 vieilleſſe, qu’elles demeurent preſque touſ¬

19 999 1145 87 iours ieunes. Et ſi elle ne leur eſt du tout tel¬

19 1078 1143 97 le, qu’elles la pourroient deſirer, par hon¬

19 1154 1147 99 neſte ſoin la ſe procurent: & l’ayant moyen¬

19 1231 1142 103 nement agreable, ſans plus grande curioſité,

17 1303 1147 101 ſeulement auec vertueuſe induſtrie la conti¬

19 1383 1143 99 nuent, ſelon la mode de chacune naciõ, con¬

19 1458 1145 101 tree, & coutume. Et auec tout celà, l’habit

23 1532 1141 101 propre comme la feuille autour du fruit. Et

19 1606 1147 110 s’il y ha perfeccion du corps, ou lineament

23 1685 1141 111 qui puiſſe, ou doiue eſtre vù & montré, bien

23 1763 1138 105 peu le cache l’agencement du vétement: ou,

15 1831 1147 112 s’il eſt caché, il l’eſt en ſorte, que lon le cuide

21 1914 1145 105 plus beau & delicat. Le ſein aparoit de tant

23 1988 1132 124 plus beau, qu’il ſemble qu’elles ne le veuil¬

184 -3 808 74 DE FOLIE ET D'AMOVR.

1166 23 51 74 51

731 2108 144 86 d 2

1029 2104 130 90 lent
