1340 2356
548 -5 349 75 DEBAT

78 3 65 93 52

117 82 1166 88 lent eſtre vù : les mamelles en leur rondeur

117 178 1164 69 releuees font donner un peu d’air au large

117 241 1169 82 eſtomac. Au reſte, la robbe bien iointe, le

123 318 1161 88 corps eſtreci ou il le faut: les manches ſer¬

123 394 1163 90 rees, ſi le bras eſt maſſif: ſi non, larges & bien

125 471 1159 82 enrichies: la chauſſe tiree: l’eſcarpin façon¬

123 549 1163 89 nant le petit pié (car le plus ſouuent l’amou¬

125 626 1161 86 reuſe curioſité des hommes fait rechercher

129 704 1159 89 la beauté iuſques au bout des piez:) tant de

137 787 1149 90 pommes d’or, chaines, bagues, ceintures,

137 863 1153 93 pendans, gans parfumez, manchons: & en

129 934 1163 90 ſomme tout ce qui eſt de beau, ſoit à l’acou¬

137 1017 1153 84 tremẽt des hommes ou des femmes, Amour

135 1087 1155 91 en eſt l’auteur. Et s’il ha ſi bien trauaillé pour

139 1170 1149 96 contenter les yeus, il n’a moins fait aus au¬

137 1248 1153 87 tres ſentimens: mais les ha tous emmiellez

137 1323 1157 94 de nouuelle & propre douceur. Les fleurs

143 1397 1149 93 que tu fiz, ô lupiter, naitre es mois de l’an

145 1476 1147 98 les plus chaus, ſont entre les hommes faites

145 1552 1145 95 hybernalles: les arbres, plantes, herbages,

149 1627 1145 108 qu’auois diſtribuez en diuers païs, ſont par

145 1702 1153 110 l'eſtude de ceus qui veulent plaire à leurs

151 1782 1135 106 amies, raſſemblez en un verger: & quelque

151 1855 1141 104 fois ſuis contreint, pour ayder à leur afec¬

149 1935 1147 106 cion, leur departir plus de chaleur que le

159 2016 1139 118 païs ne le requerroit. Et tout le proufit de ce,

1180 2077 116 112 n'eſt
