1328 2328
221 -3 802 76 DE FOLIE ET D'AMOVR.

1203 31 49 62 53

50 73 1171 105 n’eſt que ſe ramẽteuoir par ces petis preſens

52 155 1161 95 en la bonne grace de ces amis & amies. Di¬

54 232 1157 99 ráy ie q̃ la Muſique n’a eſté inuentee que par

52 308 1159 93 Amour? & eſt le chant & harmonie l’effect

50 386 1161 93 & ſigne de l’Amour parfait. Les hommes en

52 465 1155 89 uſent ou pour adoucir leurs deſirs enflam¬

52 543 1155 91 mez, ou pour donner plaiſir: pour lequel di¬

58 630 1149 78 uerſifier tous les iours ils inuẽtent nouueaus

50 696 1151 87 & diuers inſtrumens de Luts, Lyres, Citres,

46 772 1155 85 Doucines, Violons, Eſpinettes, Flutes, Cor¬

48 851 1151 80 nets: chantent tous les iours diuerſes chan¬

42 923 1157 87 ſons: & viendront à inuenter madrigalles,

38 1002 1163 99 ſonnets, pauanes, paſſemeſes, gaillardes, &

40 1084 1154 80 tout en commemoracion d’Amour: com¬

36 1158 1159 93 me celui, pour lequel les hommes font plus

40 1233 1155 101 que pour nul autre. C’eſt pour lui que lon

36 1313 1156 89 fait des ſerenades, aubades, tournois, com¬

40 1385 1152 99 bats tant à pié qu’à cheual. En toutes leſ¬

36 1466 1158 95 quelles eutrepriſes ne ſe treuuent que ieunes

44 1546 1151 93 gens amoureus: ou s’ils s’en treuuent autres

36 1619 1159 99 meſlez parmi, ceus qui ayment emportent

31 1695 1159 93 touſiours le pris, & en remercient les Da¬

31 1767 1163 107 mes, deſquelles ils ont porté les faueurs. Là

33 1844 1153 101 auſſi ſe raporteront les Comedies, Trage¬

33 1918 1151 109 dies, leux, Montres, Maſques, Moreſques.

34 1998 1154 120 Dequoy allege un voyageur ſon trauail, que

807 2102 128 82 d 3

1098 2101 92 83 lui
