1340 2356
88 9 75 95 54

561 -3 366 87 DEBAT

125 84 1173 92 lui cauſe le long chemin, qu’en chantant

131 176 1165 85 quelque chanſon d’Amour, ou eſcoutant de

127 249 1169 78 ſon compagnon quelque conte & fortune

129 325 1167 83 amoureuſe? L’un loue le bon traitement de

129 402 1169 80 s’amie: l’autre ſe pleint de la cruauté de la

129 477 1169 84 ſienne. Et mile accidens, qui interuiennent

137 559 1159 81 en amours: lettres deſcouuertes, mauuais

133 634 1165 98 raports, quelque voiſine ialouſe, quelque

137 712 1157 94 mari qui reuient plus tot que lon ne vou¬

141 789 1157 96 droit: quelquefois s’aperceuant de ce qui ſe

137 865 1165 98 fait: quelquefois n’en croyant rien, ſe fiant

139 938 1159 100 ſur la preudhommie de ſa femme: & à fois

143 1020 1157 101 eſchaper un ſouſpir auec un changement de

153 1095 1149 102 parler: puis force excuſes. Brief, le plus grand

153 1178 1145 100 plaiſir qui ſoit apres amour, c’eſt d’en parler.

153 1248 1145 106 Ainſi paſſoit ſon chemin Apulee, quelque

153 1325 1143 106 Filozofe qu’il fuſt. Ainſi prennent les plus ſe¬

155 1405 1145 102 ueres hommes plaiſir d’ouir parler de ces

163 1484 1135 106 propos, encores qu’ils ne le veuillent con¬

153 1564 1145 95 feſſer. Mais qui fait tant de Poëtes au mon¬

153 1639 1147 96 de en toutes langues? n’eſt ce pas Amour?

161 1713 1135 108 lequel ſemble eſtre le ſuget, duquel tous Poë¬

159 1794 1143 102 tes veulent parler. Et qui me fait atribuer la

159 1869 1141 108 poëſie à Amour: ou dire, pour le moins,

161 1945 1141 108 qu’elle eſt bien aydee & entretenue par ſon

157 2024 1143 116 moyen? c’eſt qu’incontinent que les hom¬

1190 2110 112 65 mes
