1328 2328
42 60 1171 101 mes commencent d’aymer, ils eſcriuẽt vers.

48 141 1163 99 Et ceus qui ont eſté excellens Poëtes, ou en

48 223 1161 95 ont tout rempli leurs liures, ou, quelque au¬

48 300 1159 95 tre ſuget qu’ils ayent pris, n’ont osé toute¬

42 374 1163 95 fois acheuer leur euure ſans en faire hono¬

46 448 1157 89 rable mencion. Orphee, Muſee, Homere, Li¬

52 525 1153 97 ne, Alcee, Saphon, & autres Poëtes & Filo¬

52 603 1153 87 zofes: comme Platon, & celui qui ha ù le

48 682 1155 84 nom de Sage, ha deſcrit ſes plus hautes con¬

46 758 1153 93 cepcions en forme d’amourettes. Et plu¬

42 836 1155 83 ſieurs autres eſcriueins voulans deſcrire au¬

44 917 1153 78 tres inuencions, les ont cachees ſous ſem¬

42 987 1153 97 blables propos. C’eſt Cupidon qui ha gai¬

48 1072 1153 86 gné ce point, qu’il faut que chacun chante

42 1148 1157 85 ou ſes paſſions, ou celles d’autrui, ou couure

46 1220 1155 81 ſes diſcours d’Amour, ſachant qu’il n’y ha

44 1299 1157 90 rien, qui le puiſſe faire mieus eſtre reçu. Oui¬

46 1377 1157 85 de ha touſiours dit qu’il aymoit. Petrarque

52 1455 1149 87 en ſon langage ha fait ſa ſeule afeccion apro

48 1528 1153 93 cher à la gloire de celui, qui ha repreſenté

46 1610 1153 83 toutes les paſſions, coutumes, façons, & na¬

46 1685 1153 78 tures de tous les hommes, qui eſt Homere.

52 1757 1153 87 Qu’a iamais mieus chanté Virgile, que les

48 1837 1161 89 amours de la Dame de Carthage? ce lieu

50 1910 1155 92 ſeroit long, qui voudroit le traiter comme il

50 1990 1163 103 meriteroit. Mais il me ſemble qu’il ne ſe

227 -1 809 63 DE FOLIE ET D'AMOVR.

751 2083 149 87 d 4

1067 2081 144 89 peut
