1340 2365
74 35 60 71 56

538 -3 346 81 DEBAT

120 78 1160 87 peut nier, que l’Amour ne ſoit cauſe aus

112 159 1162 91 hommes de gloire, honneur, proufit, plaiſir:

112 240 1170 85 & tel, que ſans lui ne ſe peut commodément

118 315 1160 85 viure. Pource eſt il eſtimé entre les humains,

118 390 1162 88 l’honorans & aymans, comme celui qui leur

114 467 1168 94 ha procuré tout bien & plaiſir. Ce qui lui ha

118 541 1160 89 eſté biẽ aisé, tant qu’il ha ù ſes yeus. Mais au¬

124 618 1158 87 iourdhui, qu’il en eſt priué, ſi Folie ſe meſle

116 697 1164 87 de ſes afaires, il eſt à creindre, & quaſi ineui¬

122 778 1158 83 table, qu’il ne ſoit cauſe d’autant de vilenie,

120 853 1164 93 incommodité, & deſplaiſir, comme il ha eſté

128 932 1152 96 par le paſsé d’honneur, proufit, & volupté.

122 1013 1160 96 Les grans qu’Amour contreingnoit aymer

124 1089 1158 95 les petis & les ſugetz qui eſtoient ſous eus,

122 1166 1164 97 changeront en ſorte qu’ils n’aymeront plus

126 1243 1156 87 que ceus dont ils en penſeront tirer ſeruice.

130 1320 1148 89 Les petis, qui aymoient leurs Princes & Si¬

138 1405 1144 84 gneurs, les aymeront ſeulement pour faire

128 1478 1152 84 leurs beſongnes, en eſperance de ſe retirer

132 1554 1146 87 quand ils ſeront pleins. Car ou Amour vou¬

126 1633 1154 83 dra faire cette harmonie entre les hautes &

130 1708 1152 89 baſſes perſonnes, Folie ſe trouuera pres, qui

124 1781 1160 93 l'empeſchera: & encore es lieus ou il ſe ſera

124 1862 1154 95 ataché. Quelque bon & innocent qu’il ſoit,

122 1939 1158 94 Folie lui meſlera de ſon naturel : tellement

122 2024 1156 102 que ceus qui aymeront, feront touſiours

1126 2096 140 101 quelq
