1328 2328
219 -1 788 63 DE FOLIE ET D'AMOVR.

1176 11 52 68 57

50 54 1145 103 quelque tour de fol. Et plus les amitiez ſe¬

46 131 1146 95 ront eſtroites, plus s’y trouuera il de deſor¬

44 219 1153 77 dre quand Folie s’y mettra. Il retournera

50 291 1144 91 plus d’une Semiramis, plus d’une Biblis,

44 366 1151 84 d’une Mirrha, d’une Canace, d’une Phedra.

48 446 1153 85 Il n’y aura lieu ſaint au monde. Les hauts

46 521 1148 90 murs & treilliz garderont mal les Veſtales.

46 599 1148 81 La vieilleſſe tournera ſon venerable & pa¬

46 673 1146 93 ternel amour, en fols & iuuenils deſirs. Hon¬

46 754 1151 87 te ſe perdra du tout. Il n’y aura diſcrecion

50 830 1144 89 entre noble, païſant, infidele, ou More, Da¬

46 911 1155 84 me, maitreſſe, ſeruante. Les parties ſeront ſi

38 985 1161 87 inegales, que les belles ne rencontreront les

38 1063 1161 87 beaus, ains ſeront coniointes le plus ſouuent

40 1138 1150 88 auec leurs diſſemblables. Grands Dames ay¬

38 1218 1156 79 meront quelquefois ceus dont ne daigne¬

40 1293 1152 88 roient eſtre ſeruies. Les gens d’eſprit s’abu¬

40 1367 1159 93 ſeront autour des plus laides. Et quand les

48 1447 1149 91 poures & loyaus amans auront langui de

42 1522 1161 92 l’amour de quelque belle: lors Folie fera

42 1596 1153 95 iouir quelque auolé en moins d’une heure

40 1672 1154 97 du bien ou l’autre n’aura pù ateindre. le laiſ¬

38 1747 1156 99 ſe les noiſes & querelles, qu’elle dreſſera par

42 1827 1150 97 tout, dont s’en enſuiura bleſſures, outrages,

42 1907 1153 95 & meurtres. Et ay belle peur, qu’au lieu, ou

42 1974 1146 109 Amour ha inuenté tant de ſciences, & pro¬

759 2091 122 66 d 5

1050 2069 144 107 duit
