1340 2365
94 9 61 85 58

536 -5 350 79 DEBAT

124 78 1160 95 duit tant de bien, qu’elle n’ameine auec ſoy

130 163 1158 97 quelque grãde oiſiueté acompagnee d’igno¬

128 242 1160 83 rance: qu’elle n’empeſche les ieunes gens

128 313 1160 91 de ſuiure les armes & de faire ſeruice à leur

128 392 1160 79 Prince: ou de vaquer à eſtudes honorables:

134 471 1160 82 qu’elle ne leur meſle leur amour de paroles

130 549 1160 85 deteſtables, chanſons trop vileines, iuron¬

134 626 1156 89 gnerie & gourmandiſe: qu’elle ne leur ſu¬

128 705 1164 81 ſcite mile maladies, & mette en infiniz dan¬

140 780 1156 93 gers de leurs perſonnes. Car il n’y ha point

126 861 1166 92 de plus dangereuſe compagnie que de Fo¬

130 938 1160 82 lie. Voila les maus, qui ſont à creindre, ſi Fo¬

132 1020 1162 73 lie ſe trouue autour d’Amour. Et s’il auenoit

134 1089 1162 95 que cette meſchãte le vouluſt empeſcher ça

130 1170 1162 81 haut, que Venus ne vouluſt plus rendre un

126 1249 1166 85 dous aſpect auec nous autres, que Mercure

130 1326 1162 81 ne vouluſt plus entretenir nos alliances,

130 1401 1160 92 quelle confuſion y auroit il? Mais i’ay pro¬

128 1480 1162 82 mis ne parler que de ce qui ſe fait en terre.

134 1553 1156 100 Or donq, Iupiter, qui t’apele pere des hom¬

130 1631 1162 87 mes, qui leur es auteur de tout bien, leur

132 1706 1160 95 donnes la pluie quand elle eſt requiſe, ſei¬

130 1783 1166 91 ches l’humidité ſuperabondante: conſidere

134 1868 1160 91 ces maus qui ſont preparez aus hommes,

134 1939 1162 96 ſi Folie n’eſt ſeparee d’Amour. Laiſſe Amour

136 2020 1158 102 ſe reſiouir en paix entre les hommes: qu’il

1197 2083 103 104 ſoit
