1328 2328
217 -1 796 63 DE FOLIE ET D'AMOVR.

1188 5 44 66 59

44 50 1159 112 ſoit loiſible à un chacun de conuerſer priué¬

44 131 1163 113 ment & domeſtiquement les perſonnes qu’il

48 215 1161 103 aymera, ſans que perſonne en ait creinte ou

46 291 1163 100 ſoupſon: que les nuits ne chaſſent, ſous pre¬

48 366 1161 103 texte des mauuaiſes langues, l’ami de la mai¬

46 440 1165 101 ſon de s’amie: que lon puiſſe mener la fem¬

52 517 1159 105 me de ſon ami, voiſin, parent, ou bon ſem¬

50 597 1165 103 blera, en telle ſeurté que l’honneur de l’un

54 675 1159 93 ou l’autre n’en ſoit en rien ofensé. Et à ce

56 756 1159 97 que perſonne n’ait plus mal en teſte, quand

52 834 1157 89 il verra telles priuautez, fais publier par tou¬

48 911 1163 93 te la Terre, non à ſon de trompe ou par ata¬

50 989 1165 91 ches miſes aus portes des temples, mais en

48 1067 1163 93 metant au cœur de tous ceus qui regarde¬

50 1140 1167 93 ront les Amans, qu’il n’eſt poſſible qu’ils

60 1220 1153 91 vouſiſſent faire ou penſer quelque Folie.

58 1299 1155 86 Ainſi auras tu mis tel ordre au fait auenu,

58 1377 1159 79 que les hommes auront ocaſion de te louer

56 1455 1161 87 & magnifier plus que iamais, & feras beau¬

60 1530 1161 86 coup pour toy & pour nous. Car tu nous

60 1606 1161 87 auras deliurez d’une infinité de pleintes, qui

56 1687 1159 82 autrement nous ſeront faites par les hom¬

56 1761 1163 87 mes, des eſclandres que Folie amoureuſe ſe¬

60 1839 1159 75 ra au monde. Ou bien ſi tu aymes mieus re¬

62 1914 1157 88 mettre les choſes en l’eſtat qu’elles eſtoient,

60 1992 1153 101 contreins les Parques & Deſtinees (ſi tu y

1153 2087 74 62 as
