1340 2365
570 0 341 65 DEBAT

140 67 1160 106 as quelque pouuoir) de retourner leurs fu¬

140 157 1160 81 ſeaus, & faire en ſorte qu’a ton commande¬

140 230 1158 97 ment, & à ma priere, & pour l’amour de Ve¬

138 311 1164 94 nus, que tu as iuſques ici tant cherie & ay¬

140 388 1164 90 mee, & pour les plaiſirs & contentemens

138 467 1166 92 que tous tant que nous ſommes, auons reçuz

138 543 1166 85 & receuons d’Amour, elles ordonnent, que

136 616 1164 91 les yeus ſeront rendus à Cupidon, & la ban¬

138 699 1162 87 de otee: à ce que le puiſſions voir encore un

138 776 1166 89 coup en ſon bel & naïf eſtre, piteus de tous

136 857 1166 87 les cotez dont on le ſauroit regarder, &

136 928 1164 94 riant d’un ſeulement. O Parques, ne ſoyez

140 1011 1160 90 à ce coup inexorables que lon ne die que

142 1087 1156 81 vos fuſeaus ont eſté miniſtres de la cruelle

140 1164 1158 89 vengeance de Folie. Ceci n’empeſchera

146 1243 1148 89 point la ſuite des choſes à venir. Iupiter com¬

142 1328 1156 77 poſera tous ces trois iours en un, comme il

136 1397 1160 81 fit les trois nuits, qu’il fut auec Alcmene.

140 1478 1158 80 Ie vous apelle, vous autres Dieus, & vous

142 1553 1154 90 Deeſſes, qui tant auez porté & portez

138 1629 1160 79 d’honneur à Venus. Voici l’endroit ou lui

140 1716 1158 83 pouuez rendre les faueurs que d’elle auez

138 1789 1156 89 reçues. Mais de qui plus doís ie eſperer, que

134 1864 1162 89 de toy, Iupiter? laiſſeras tu plorer en vain la

134 1941 1160 86 plus belle des Deeſſes? n’auras tu pitié de

134 2020 1160 106 I’angoiſſe qu’endure ce poure enfant dine de

1174 2087 118 96 meil
