1328 2328
209 -3 798 68 DE FOLIE ET D'AMOVR.

34 65 1160 105 meilleure fortune? Aurons nous perdu nos

40 153 1157 99 veuz & prieres? Si celles des hommes te peu

40 223 1154 97 uent forcer, & t’ont fait pluſieursfois tom¬

38 298 1156 101 ber des mains, ſans mal faire, la foudre que

38 384 1156 97 tu auois contre eus preparee: quel pouuoir

36 453 1161 103 auront les notres, auſquels as communiqué

40 537 1155 95 ta puiſſance & autorité? Et te prians pour

46 611 1153 102 perſonnes, pour leſquelles toymeſme (ſi tu

40 688 1159 95 ne tenois le lieu de commander) prierois

40 764 1159 91 volontiers: & en la faueur deſquelles (ſi ie

42 841 1157 97 puis ſauoir quelque ſecret des choſes futu¬

36 921 1158 95 res) feras, poſſible, apres certeines reuolu¬

36 997 1163 95 cions, plus que ne demandons, aſſugetiſſant

40 1074 1155 95 à perpetuité Folie à Amour, & le faiſant plus

36 1156 1158 89 cler voyant que nul autre des Dieus. l’ay dit.

87 1257 1058 83 Incontinent qu'Apolon ut fini ſon acuſacion, toute

132 1323 1009 81 la compagnie des Dieus par un fremiſſement, ſe

132 1389 1009 79 montra auoir compaßion de la belle, Deeſſe là pre¬

133 1453 1010 77 ſente, & de Cupidon ſon fils. Et uſſent volontiers

133 1517 1016 85 tout ſur lheure condamné la Deeſſe Folie: Quand

132 1583 1013 83 I'equitable lupiter par une magesté Imperiale

137 1647 1008 81 leur commanda ſilence, pour ouir la defenſe de

137 1711 1010 77 Folie enchargee, à Mercure, lequel commença à

137 1771 261 85 parler ainſi:

97 1839 1095 95 MERCVRE. N’atendez point, Iupi¬

44 1912 1153 101 ter, & vous autres Dieus inmortels, que ie

46 2000 1148 102 commence mon oraiſon par excuſes (com¬

1085 2087 114 103 me
