1340 2365
544 3 332 73 DEBAT

120 74 1166 89 me quelquefois font les Orateurs, qui crein¬

128 167 1162 77 gnent eſtre blamez, quand ils ſoutiennent

122 236 1162 91 des cauſes apertemẽt mauuaiſes,) de ce qu’ay

130 311 1160 93 pris en main la defenſe de Folie, & meſmes

120 392 1166 90 contre Cupidon, auquel ay en pluſieurs en¬

126 478 1164 85 drois porté tant d’obeïſſance, qu’il auroit

124 553 1162 81 raiſon de m’eſtimer tout ſien: & ay tant ay¬

122 626 1168 93 mé la mere, que n’ay iamais eſpargné mes

120 703 1168 81 allees & venues, tant qu’ay pensé lui fai¬

116 778 1174 95 re quelque choſe agreable. La cauſe, que ie

118 857 1172 89 defens, eſt ſi iuſte, que ceus meſmes qui ont

128 934 1158 94 parlé au contraire, apres m’auoir ouy, chan¬

138 1007 1150 104 geront d’opinion. L’iſſue du diferent, com¬

120 1085 1168 99 me i’eſpere, ſera telle, que meſme Amour

126 1170 1164 95 quelque iour me remercira de ce ſeruice, que

124 1241 1170 95 contre lui ie fay à Folie. Cette queſtion eſt

126 1322 1164 97 entre deus amis, qui ne ſont pas ſi outrez

126 1401 1164 81 l’un enuers l’autre, que quelque matin ne ſe

130 1470 1160 104 puiſſent reconcilier, & prendre plaiſir l’un

124 1549 1168 98 de l’autre, comme au parauant. Si à l’apetit

124 1625 1166 93 de l’un, vous chaſſez l’autre, quand ce deſir

132 1708 1154 97 de vengeance ſera paſsé (laquelle inconti¬

132 1783 1154 91 nent qu’elle eſt acheuee commence à deſ¬

134 1866 1156 94 plaire:) ſi vous ordonnez quelque cas contre

130 1937 1160 102 Folie, Amour en aura le premier regret. Et

128 2014 1162 120 n’eſtoit cette ancienne amitié & aliance de

1201 2098 87 73 ces
