1328 2328
196 -3 413 55 DE FOLIE ET

34 62 1136 99 ces deus, meintenant auerſaires, qui les fai¬

36 133 1136 95 ſoit ſi uniz & conioins, que iamais n’auez

34 201 1134 107 fait faueur à l’un, que l’autre ne s’en ſoit ſen¬

36 283 1136 101 ti: ie me defierois bien que puſſiez donner

38 360 1134 99 bon ordre ſur ce diferent, ayans tous ſuiui

36 442 1134 93 Amour fors Pallas: laquelle eſtant ennemie

36 516 1132 100 capitale de Folie, ne ſeroit raiſon qu’elle vou¬

36 587 1138 95 luſt iuger ſa cauſe. Et toutefois n’eſt Folie ſi

36 673 1136 85 inconnue ceans, qu’elle ne ſe reſſente d’auoir

36 752 1130 93 ſouuentefois eſté la bien venue, vous apor¬

36 832 1140 81 tant touſiours auec ſa troupe quelques cas

36 907 1144 84 de nouueau pour rendre vos banquets &

36 981 1144 84 feſtins plus plaiſans. Et penſe que tous ceus

36 1061 1142 75 de vous, qui ont aymé, ont auſſi bonne ſou¬

36 1134 1142 90 uenance d’elle, que de Cupidon meſme.

44 1214 1138 87 Dauantage elle vous croit tous ſi equitables

46 1292 1134 77 & raiſonnables, qu’encore que ce fait fuſt le

44 1367 1136 88 votre propre, ſi n’en feriez vous que la raiſon.

44 1437 1138 93 I'ay trois choſes à faire. Defendre la teſte de

44 1517 1138 91 Folie, contre laquelle Amour ha iuré: reſpon

44 1596 1140 82 dre aus acuſacions que i’entens eſtre faites à

44 1668 1134 95 Folie: & à la demande qu’il fait de ſes yeus.

44 1751 1140 92 Apolon, qui ha ſi long tems ouy les cauſeurs

44 1823 1138 85 à Romme, ha bien retenu d’eus à conter

44 1901 1142 97 touſiours à ſon auantage. Mais Folie, comme

44 1982 1144 109 elle eſt touſiours ouuerte, ne veut point que

1069 2069 123 76 i’en
