1340 2365
175 59 1147 104 i’en diſſimule rien: & ne vous en veut dire

177 139 1141 95 qu’un mot ſans art, ſans fard & ornement

175 210 1149 109 quelconque. Et, à la pure verité, Folie ſe

173 293 1143 97 iouant auec Amour, ha paſsé deuant lui pour

183 374 1139 97 gaigner le deuant, & pour venir plus tot

173 451 1143 94 vous donner plaiſir. Amour eſt entré en co¬

169 526 1145 102 lere. Lui & elle ſe ſont pris de paroles. Amour

169 601 1147 106 la taché naurer de ſes armes qu’il portoit.

167 677 1149 97 Folie s’eſt defendue des ſiennes, dont elle ne

165 762 1151 99 s’eſtoit chargee pour bleſſer perſonne, mais

173 843 1141 101 pource que ordinairement elle les porte. Car,

165 924 1149 87 comme vous ſauez, ainſi qu’Amour tire au

167 995 1147 92 cœur, Folie auſſi ſe gette aus yeus & à la

165 1078 1149 86 teſte, & n’a autres armes que ſes doits. Amour

161 1150 1153 97 ha voulu montrer qu’il auoit puiſſance ſur le

163 1229 1151 87 cœur d’elle. Elle lui ha fait connoitre qu’elle

161 1308 1153 93 auoit puiſſance de lui oter les yeus. Il ne ſe

169 1387 1141 91 pleingnoit que de la deformité de ſon viſa¬

169 1462 1145 85 ge. Elle eſmue de pitié la lui ha couuert d’une

163 1543 1155 90 bande à ce que lon n’aperçuſt deus trous

165 1616 1151 84 vuides d’iceus, enlaidiſſans ſa face. On dit

163 1698 1151 81 que Folie ha fait double iniure à Amour: pre

159 1775 1151 87 mierement, de lui auoir creué les yeus: ſe¬

161 1854 1153 87 condement, de lui auoir mis ce bandeau. On

161 1931 1153 93 exaggere le crime fait à une perſonne aymee

163 2006 1151 112 d’une perſonne, dont pluſieurs ont afaire. Il

1207 2079 107 90 faut
