1328 2346
197 -3 802 71 DE FOLIE ET D'AMOVR.

1173 27 53 53 65

39 66 1161 94 faut reſpondre à ces deus iniures. Quant à

37 144 1158 94 la premiere, le dy: que les loix & raiſons

46 224 1150 88 humaines ont permis à tous ſe defendre

44 303 1147 88 contre ceus qui les voudroient ofenſer, tel¬

44 377 1145 92 lement que ce, que chacun fait en ſe defen¬

41 455 1148 88 dant, eſt eſtimé bien & iuſtemẽt fait. Amour

43 531 1146 90 ha eſté l’agreſſeur. Car combien que Folie

46 613 1143 88 ait premierement parlé à Amour, ce n’eſtoit

39 690 1142 88 toutefois pour quereler, mais pour s’esbatre,

37 764 1146 88 & ſe iouer à lui. Folie s’eſt defendue. Duquel

39 838 1142 94 coté eſt le tort? Quand elle lui uſt pis fait, ie

39 920 1142 88 ne voy point comment on lui en uſt pù rien

31 997 1146 82 demander. Et ſi ne voulez croire qu’Amour

35 1071 1134 94 ait eſté l’agreſſeur, interroguez le. Vous ver¬

29 1147 1146 90 rez qu’il reconnoitra verité. Et n’eſt choſe

31 1225 1142 88 incroyable en ſon endroit de commencer

29 1296 1148 101 tels brouilliz. Ce n’eſt d’auiourdhui, qu’il ha

33 1372 1136 96 eſté ſi inſuportable, quand bon lui ha ſemblé.

31 1448 1140 104 Ne s’ataqua il pas à Mars, qui regardoit Vul¬

27 1530 1146 100 can forgeant des armes, & tout ſoudein le

31 1603 1132 103 bleſſa? & n’y ha celui de cette compagnie,

29 1685 1138 97 qui n’ait eſté quelquefois las d’ouir ces bra¬

31 1757 1142 96 uades. Folie rit touſiours, ne penſe ſi auant

27 1833 1144 100 aus choſes, ne marche ſi auant pour eſtre la

37 1917 1134 100 premiere, mais pource qu’elle eſt plus pronte

29 1988 1138 117 & hatiue. le ne ſay que ſert d’alleguer la cou¬

813 2097 37 84 e

1013 2099 162 73 tume
