1340 2365
73 11 78 101 66

568 5 339 75 DEBAT

132 76 1152 89 tume toleree à Cupidon de tirer de ſon arc

134 147 1150 105 ou bon lui ſemble. Car quelle loy ha il plus

134 230 1154 93 de tirer à Folie, que Folie n’a de s’adreſſer à

134 313 1152 85 Amour? Il ne lui ha fait mal: neanmoins il

134 388 1152 94 s’en eſt mis en ſon plein deuoir. Quel mal

134 463 1150 100 ha fait Folie, rengeant Amour, en ſorte qu’il

140 541 1148 103 ne peut plus nuire, ſi ce n’eſt d’auenture?

151 620 1137 93 Que ſe treuue il en eus de capital? y ha il

146 701 1138 101 quelque guet à pens, ports darmes, congre¬

165 780 1121 97 gacions illicites, ou autres choſes qui puiſ¬

146 851 1142 95 ſent tourner au deſordre de la Republique?

149 926 1143 98 C’eſtoit Folie & un enfant, auquel ne falloit

155 1007 1137 102 auoir egard. Ie ne ſay comment te prendre

149 1081 1141 107 en cet endroit, Apolon. S’il eſt ſi ancien, il

155 1160 1133 101 doit auoir apris à eſtre plus modeſte, qu’il

157 1233 1135 101 n’eſt: & s’il eſt ieune, auſſi eſt Folie ieune, &

151 1304 1143 113 fille de Ieuneſſe. A cette cauſe, celui qui eſt

155 1391 1139 100 bleſsé, en doit demeurer là. Et dorenauant

157 1464 1135 112 que perſonne ne ſe prenne à Folie. Car elle

159 1545 1131 110 ha, quand bon lui ſemblera, dequoy venger

159 1616 1135 118 ſes iniures: & n’eſt de ſi petit lieu, qu'elle

157 1690 1139 115 doiue ſoufrir les ieuneſſes de Cupidon. Quãt

157 1771 1137 109 à la ſeconde iniure, que Folie lui ha mis vn

157 1852 1139 110 bandeau, ceci eſt vne pure calomnie. Car en

157 1927 1137 106 lui bandãt le deſſous du frõt, Folie iamais ne

161 2002 1129 138 penſa lui agrandir ſon mal, ou lui oter le re¬

1164 2071 134 100 mede
