1340 2365
39 13 85 119 68

546 0 351 84 DEBAT

102 84 1172 105 blable faut qu’il treuue bon en autrui. Folie

110 167 1164 108 m'a defendu que ne la fiſſe miſerable, que ne

118 244 1154 104 vous ſupliaſſe pour lui pardonner, ſi faute y

120 323 1156 106 auoit: m’a defendu le plorer, n’embraſſer vos

134 404 1148 106 genous, vous adiurer par les gracieus yeus,

122 476 1154 117 que quelquefois auez trouuez agreables ue¬

128 553 1152 109 nans d’elle, ny amener ſes parens, enfans,

126 628 1156 115 amis, pour vous eſmouuoir à pitié. Elle vous

130 707 1152 106 demande ce que ne lui pouuez refuſer, qu’il

134 784 1152 108 ſoit dit: qu’Amour par ſa faute meſme eſt

136 859 1144 108 deuenu aueugle. Le ſecond point qu’Apo¬

142 932 1140 110 lon ha touché, c’eſt qu’il veut eſtre faites de¬

144 1016 1144 109 fenſes à Folie de n’aprocher dorenauant

151 1083 1135 123 Amour de cent pas à la ronde. Et ha fondé

136 1172 1150 116 ſa raiſon ſur ce, qu’eſtant en honneur & re¬

155 1243 1139 120 putacion entre les hommes, leur cauſant

151 1316 1141 122 beaucoup de bien & plaiſirs, ſi Folie y eſtoit

151 1395 1141 120 meſlee, tout tourneroit au contraire. Mon

155 1478 1139 108 intencion ſera de montrer qu’en tout celà

157 1549 1135 112 Folie n’eſt rien inferieure à Amour, & qu’A¬

159 1625 1135 111 mour ne ſeroit rien ſans elle: & ne peut eſtre,

157 1702 1143 124 & regner ſans ſon ayde. Et pource qu’Amour

165 1779 1131 114 ha commencé à montrer ſa grandeur par

167 1854 1131 116 ſon ancienneté, ie feray le ſemblable: & vous

171 1937 1125 122 prieray reduire en memoire comme incon¬

173 2014 1125 140 tinent que l’homme fut mis ſur terre, il com¬

1144 2075 156 96 mença
