1327 2346
182 -3 802 71 DE FOLIE ET D'AMOVR.

1168 21 67 55 69

31 60 1162 108 mença ſa vie par Folie: & depuis ſes ſucceſ¬

35 140 1154 96 ſeurs ont ſi bien continué, que iamais Da¬

33 218 1155 92 me n’ut tant bon credit au monde. Vray eſt

37 299 1151 88 qu’au commencement les hommes ne fai¬

35 371 1153 92 ſoient point de hautes folies, auſſi n’auoient

35 449 1147 88 ils encores aucuns exemples deuant eus.

35 523 1145 85 Mais leur folie eſtoit à courir l’un apres l’au¬

33 602 1151 93 tre: à monter ſus un arbre pour voir de plus

35 680 1149 80 loin: rouler en la vallee: à menger tout leur

33 758 1149 80 fruit en un coup: tellement que l’hiuer n’a¬

35 834 1147 92 uoient que menger. Petit à petit ha cru Fo¬

31 911 1149 89 lie auec le tems. Les plus eſuentez d’entre

33 991 1145 80 eus, ou pour auoir reſcous des loups & au¬

31 1061 1147 86 tres beſtes ſauuages, les brebis de leurs voi¬

27 1141 1155 90 ſins & compagnons, ou pour auoir defendu

31 1217 1149 94 quelcun d’eſtre outragé, ou pource qu’ils ſe

31 1292 1151 94 ſentoient ou plus forts, ou plus beaus, ſe ſont

29 1364 1147 100 fait couronner Rois de quelque feuillage de

33 1442 1141 88 Cheſne. Et croiſſant l’ambicion, non des

31 1524 1143 92 Rois, qui gardoient fort bien en ce tems les

31 1593 1141 92 Moutons, Beufs, Truies & Aſneſſes, mais de

31 1675 1139 96 quelques mauuais garnimens qui les ſui¬

27 1749 1139 96 uoient, leur viure ha eſté ſeparé du commun.

23 1822 1145 105 Il ha fallu que les viandes fuſſent plus deli¬

29 1902 1141 97 cates, l’habillement plus magnifique. Si les

29 1980 1143 107 autres uſoient de laiton, ils ont cherché un

728 2085 117 71 e 3

996 2076 178 94 metal
