<?xml version="1.0" encoding="UTF-8"?>
<alto xmlns:xsi="http://www.w3.org/2001/XMLSchema-instance"
      xmlns="http://www.loc.gov/standards/alto/ns-v4#"
      xsi:schemaLocation="http://www.loc.gov/standards/alto/ns-v4# http://www.loc.gov/standards/alto/v4/alto-4-2.xsd">
  <Description>
    <MeasurementUnit>pixel</MeasurementUnit>
    <sourceImageInformation>
      <fileName>80.jpg</fileName>
      
    </sourceImageInformation>
  </Description>
  
  <Tags>
    <OtherTag ID="BT4319" LABEL="RunningTitleZone" DESCRIPTION="block type RunningTitleZone"/><OtherTag ID="BT4318" LABEL="QuireMarksZone" DESCRIPTION="block type QuireMarksZone"/><OtherTag ID="BT4317" LABEL="NumberingZone" DESCRIPTION="block type NumberingZone"/><OtherTag ID="BT4316" LABEL="MarginTextZone" DESCRIPTION="block type MarginTextZone"/><OtherTag ID="BT4315" LABEL="MainZone" DESCRIPTION="block type MainZone"/><OtherTag ID="BT4314" LABEL="GraphicZone" DESCRIPTION="block type GraphicZone"/><OtherTag ID="BT4313" LABEL="DropCapitalZone" DESCRIPTION="block type DropCapitalZone"/><OtherTag ID="BT4321" LABEL="TitlePageZone" DESCRIPTION="block type TitlePageZone"/><OtherTag ID="BT4320" LABEL="StampZone" DESCRIPTION="block type StampZone"/>
    <OtherTag ID="LT1422" LABEL="DefaultLine" DESCRIPTION="line type DefaultLine"/><OtherTag ID="LT1421" LABEL="DropCapitalLine" DESCRIPTION="line type DropCapitalLine"/><OtherTag ID="LT1420" LABEL="HeadingLine" DESCRIPTION="line type HeadingLine"/>
  </Tags>
  
  <Layout>
    <Page WIDTH="1340"
          HEIGHT="2365"
          PHYSICAL_IMG_NR="78"
          ID="eSc_dummypage_">
      <PrintSpace HPOS="0"
                  VPOS="0"
                  WIDTH="1340"
                  HEIGHT="2365">
        
        <TextBlock HPOS="126"
                   VPOS="70"
                   WIDTH="1183"
                   HEIGHT="2009"
                   ID="eSc_textblock_b2163214"
                   TAGREFS="BT4315">
          <Shape><Polygon POINTS="1300 86 1309 2046 1216 2057 1166 2079 157 2079 126 94 244 70"/></Shape>
          
          
          <TextLine ID="eSc_line_b3039276"
                    TAGREFS="LT1422"
                    BASELINE="128 132 1043 128 1292 137" 
                    HPOS="124"
                    VPOS="59"
                    WIDTH="1168"
                    HEIGHT="84">
            <Shape><Polygon POINTS="128 132 124 76 268 59 268 59 270 59 270 59 270 59 272 59 272 59 303 72 331 59 331 59 331 59 333 59 333 59 333 59 335 59 335 59 337 59 390 74 530 74 552 61 554 61 554 61 556 61 556 61 556 61 558 61 558 61 560 61 560 61 560 61 586 74 726 74 742 61 742 59 744 59 744 59 744 59 745 59 745 59 747 59 890 59 890 59 890 59 892 59 892 59 892 59 921 72 972 59 974 59 974 59 974 59 976 59 976 59 978 59 1032 72 1073 59 1075 59 1075 59 1075 59 1077 59 1077 59 1079 59 1134 72 1209 59 1209 59 1211 59 1211 59 1211 59 1213 59 1213 59 1215 59 1215 59 1235 74 1290 74 1292 137 1288 143 126 141"/></Shape>
	    <String CONTENT="metal plus precieus, qui eſt l’or. Ou l’or eſtoit"
                    HPOS="124"
                    VPOS="59"
                    WIDTH="1168"
                    HEIGHT="84"></String>
          </TextLine>

          
          
          <TextLine ID="eSc_line_fffe67a1"
                    TAGREFS="LT1422"
                    BASELINE="130 210 866 204 1217 208 1286 216" 
                    HPOS="126"
                    VPOS="139"
                    WIDTH="1160"
                    HEIGHT="93">
            <Shape><Polygon POINTS="130 210 126 161 365 149 367 149 367 149 367 149 369 149 369 149 388 157 446 141 447 141 447 141 449 141 521 141 521 141 521 141 522 141 522 141 522 141 524 141 546 157 595 143 597 143 597 143 599 143 599 143 599 143 601 143 649 157 651 157 653 157 740 139 740 139 742 139 836 139 836 139 836 139 838 139 838 139 838 139 840 139 840 139 840 141 850 149 864 139 866 139 866 139 866 139 868 139 868 139 868 139 870 139 994 149 1043 139 1043 139 1043 139 1045 139 1045 139 1047 139 1047 139 1047 139 1049 139 1049 139 1069 155 1069 155 1071 155 1146 139 1146 139 1146 139 1148 139 1148 139 1150 139 1150 139 1150 139 1152 139 1152 139 1152 141 1168 155 1168 155 1168 155 1199 143 1199 143 1201 143 1201 143 1203 143 1203 143 1284 155 1286 216 1282 226 1152 218 1043 226 1004 228 1002 228 1002 228 1002 228 1000 228 1000 228 1000 228 994 226 978 218 963 226 957 228 957 228 955 228 955 228 955 228 953 228 953 228 951 228 951 228 951 228 945 226 927 216 511 216 497 222 479 230 479 230 477 230 477 230 475 230 475 230 475 230 473 230 451 222 444 220 442 222 434 230 434 230 432 230 432 230 432 230 430 230 430 230 430 232 337 232 335 230 335 230 333 230 333 230 333 230 331 230 331 230 331 228 323 222 319 218 307 222 280 230 278 230 278 230 278 230 276 230 128 220"/></Shape>
	    <String CONTENT="commun, ils l’ont enrichi de Perles, Rubis,"
                    HPOS="126"
                    VPOS="139"
                    WIDTH="1160"
                    HEIGHT="93"></String>
          </TextLine>

          
          
          <TextLine ID="eSc_line_34e6a1c7"
                    TAGREFS="LT1422"
                    BASELINE="132 291 463 283 1290 289" 
                    HPOS="126"
                    VPOS="218"
                    WIDTH="1164"
                    HEIGHT="85">
            <Shape><Polygon POINTS="132 291 126 232 169 218 171 218 171 218 171 218 173 218 173 218 175 218 175 218 175 218 177 218 197 232 416 232 426 222 426 220 426 220 428 220 428 220 428 220 430 220 430 220 430 220 432 220 432 220 501 230 556 218 556 218 556 218 558 218 558 218 560 218 560 218 560 218 562 218 562 218 578 232 617 232 653 232 659 232 734 220 734 220 736 220 736 220 736 220 738 220 738 220 767 232 795 220 795 220 797 220 797 220 797 220 799 220 799 220 888 232 892 234 943 234 943 232 957 220 957 220 957 220 959 220 959 220 961 220 961 220 961 220 963 220 1288 234 1290 289 1286 303 128 299"/></Shape>
	    <String CONTENT="Diamans, &amp; de toutes ſortes de pierreries."
                    HPOS="126"
                    VPOS="218"
                    WIDTH="1164"
                    HEIGHT="85"></String>
          </TextLine>

          
          
          <TextLine ID="eSc_line_a4870ca1"
                    TAGREFS="LT1422"
                    BASELINE="134 368 639 360 1292 364" 
                    HPOS="130"
                    VPOS="295"
                    WIDTH="1164"
                    HEIGHT="91">
            <Shape><Polygon POINTS="134 368 130 303 173 295 173 295 175 295 175 295 175 295 177 295 177 295 197 303 221 313 337 313 347 303 355 297 355 295 355 295 357 295 357 295 357 295 359 295 359 295 361 295 361 295 361 295 363 295 363 295 384 303 386 305 390 303 408 295 408 295 408 295 410 295 410 295 412 295 412 295 412 295 414 295 414 295 414 295 416 295 416 295 426 305 436 313 477 313 491 305 505 295 507 295 507 295 509 295 509 295 509 295 511 295 511 295 513 295 513 295 538 305 550 309 570 305 594 301 594 301 594 301 595 301 595 301 595 301 617 305 645 311 672 305 726 295 726 295 728 295 888 295 888 295 888 295 890 295 890 295 923 307 935 311 955 307 1020 295 1020 295 1020 295 1022 295 1022 295 1024 295 1024 295 1024 295 1026 295 1026 295 1026 297 1040 309 1043 311 1095 311 1095 309 1107 299 1107 297 1107 297 1109 297 1109 297 1109 297 1111 297 1111 297 1113 297 1113 297 1113 297 1115 297 1115 297 1115 297 1138 309 1140 311 1290 311 1292 364 1294 372 1280 384 1280 384 1278 384 1278 384 1278 384 1276 384 1276 384 1276 384 1274 384 1148 374 1053 386 1053 386 1051 386 868 376 635 376 625 384 625 386 625 386 623 386 623 386 623 386 621 386 621 386 619 386 619 386 619 386 564 376 495 386 495 386 493 386 132 376"/></Shape>
	    <String CONTENT="Et, ou eſt la plus grand’ Folie, ſi le commun"
                    HPOS="130"
                    VPOS="295"
                    WIDTH="1164"
                    HEIGHT="91"></String>
          </TextLine>

          
          
          <TextLine ID="eSc_line_298e08eb"
                    TAGREFS="LT1422"
                    BASELINE="134 445 1292 441" 
                    HPOS="132"
                    VPOS="376"
                    WIDTH="1160"
                    HEIGHT="91">
            <Shape><Polygon POINTS="134 445 132 380 347 390 392 382 412 378 412 378 412 378 414 378 414 378 416 378 416 378 416 378 418 378 418 378 418 380 420 382 430 392 495 392 517 382 528 378 528 378 530 378 530 378 532 378 532 378 532 378 534 378 534 378 546 382 568 390 592 382 601 380 603 380 603 380 605 380 747 384 868 388 872 386 880 378 880 376 880 376 882 376 882 376 882 376 884 376 884 376 884 376 886 376 1014 386 1016 386 1016 386 1053 376 1055 376 1055 376 1055 376 1057 376 1057 376 1059 376 1103 388 1107 388 1111 388 1150 376 1152 376 1152 376 1152 376 1154 376 1154 376 1156 376 1156 376 1156 376 1158 376 1158 376 1158 378 1170 388 1170 390 1288 390 1292 441 1288 463 712 453 631 465 631 465 629 465 629 465 505 455 495 463 495 465 495 465 493 465 493 465 493 465 491 465 491 465 491 465 134 467"/></Shape>
	    <String CONTENT="ha ù une loy, les grans en ont pris d’autres"
                    HPOS="132"
                    VPOS="376"
                    WIDTH="1160"
                    HEIGHT="91"></String>
          </TextLine>

          
          
          <TextLine ID="eSc_line_b26a1444"
                    TAGREFS="LT1422"
                    BASELINE="140 520 1294 516" 
                    HPOS="136"
                    VPOS="451"
                    WIDTH="1158"
                    HEIGHT="90">
            <Shape><Polygon POINTS="140 520 136 471 430 469 434 465 446 455 446 453 447 453 447 453 447 453 449 453 449 453 451 453 517 453 517 453 517 453 519 453 519 453 521 453 521 453 534 463 538 467 554 463 594 453 595 453 595 453 597 453 655 453 655 453 655 453 657 453 657 453 657 453 659 453 659 453 669 461 676 467 818 467 828 459 838 451 838 451 840 451 840 451 842 451 842 451 842 451 844 451 844 451 901 457 933 461 951 457 972 451 974 451 974 451 976 451 976 451 976 451 978 451 978 451 978 451 980 451 980 451 980 453 984 457 992 465 1012 455 1020 453 1020 453 1022 453 1022 453 1022 453 1024 453 1024 453 1026 453 1036 455 1057 461 1079 455 1093 451 1095 451 1095 451 1095 451 1097 451 1097 451 1099 451 1099 451 1109 455 1140 465 1184 453 1193 451 1195 451 1195 451 1197 451 1197 451 1197 451 1209 453 1266 465 1284 451 1294 516 1292 532 232 532 140 541"/></Shape>
	    <String CONTENT="pour eus. Ce qu’ils ont eſtimé n’eſtre licite"
                    HPOS="136"
                    VPOS="451"
                    WIDTH="1158"
                    HEIGHT="90"></String>
          </TextLine>

          
          
          <TextLine ID="eSc_line_139bea0d"
                    TAGREFS="LT1422"
                    BASELINE="136 599 1290 591" 
                    HPOS="132"
                    VPOS="526"
                    WIDTH="1158"
                    HEIGHT="94">
            <Shape><Polygon POINTS="136 599 132 549 276 532 276 532 278 532 406 545 436 530 436 530 436 530 438 530 438 530 438 530 440 530 684 543 745 534 745 534 747 534 747 534 747 534 749 534 773 541 807 528 807 528 809 528 809 528 809 528 811 528 1116 540 1136 526 1136 526 1138 526 1138 526 1140 526 1140 526 1140 526 1142 526 1142 526 1142 526 1144 526 1144 526 1146 526 1166 538 1215 526 1217 526 1217 526 1219 526 1219 526 1219 526 1286 541 1290 591 1288 607 1030 607 1024 607 986 616 984 616 984 616 982 616 775 608 720 607 718 608 712 616 710 616 710 618 710 618 708 618 708 618 708 618 706 618 706 618 704 618 481 610 434 608 432 610 426 618 424 618 424 620 424 620 422 620 422 620 422 620 420 620 420 620 418 620 134 610"/></Shape>
	    <String CONTENT="aus autres, ſe le ſont pensé eſtre permis. Fo¬"
                    HPOS="132"
                    VPOS="526"
                    WIDTH="1158"
                    HEIGHT="94"></String>
          </TextLine>

          
          
          <TextLine ID="eSc_line_81fdee55"
                    TAGREFS="LT1422"
                    BASELINE="136 677 1292 670" 
                    HPOS="132"
                    VPOS="607"
                    WIDTH="1160"
                    HEIGHT="84">
            <Shape><Polygon POINTS="136 677 132 620 268 612 270 612 270 612 272 612 272 612 272 612 274 612 284 620 294 626 398 626 430 620 483 610 483 610 483 610 485 610 621 620 674 622 702 620 785 608 785 608 787 608 787 608 880 620 893 620 895 620 917 608 917 608 917 608 919 608 919 608 921 608 921 608 921 608 923 608 923 608 923 608 925 608 939 620 941 620 941 620 957 608 959 608 959 608 959 608 961 608 961 608 963 608 963 608 1032 618 1043 608 1043 607 1043 607 1045 607 1045 607 1045 607 1047 607 1047 607 1049 607 1049 607 1049 607 1051 607 1091 620 1166 620 1188 607 1190 607 1190 607 1191 607 1191 607 1191 607 1193 607 1193 607 1288 620 1292 670 1288 691 134 689"/></Shape>
	    <String CONTENT="lie ha premierement mis en teſte à quelcun"
                    HPOS="132"
                    VPOS="607"
                    WIDTH="1160"
                    HEIGHT="84"></String>
          </TextLine>

          
          
          <TextLine ID="eSc_line_9a94b610"
                    TAGREFS="LT1422"
                    BASELINE="138 756 1294 748" 
                    HPOS="130"
                    VPOS="679"
                    WIDTH="1168"
                    HEIGHT="91">
            <Shape><Polygon POINTS="138 756 130 703 157 685 159 685 159 685 159 685 161 685 161 685 163 685 163 685 163 685 165 685 165 685 197 699 228 685 228 685 230 685 230 685 230 685 232 685 422 699 546 683 546 683 548 683 548 683 548 683 550 683 550 683 552 683 552 683 564 693 615 683 615 683 615 683 617 683 617 683 694 697 710 683 710 681 710 681 712 681 712 681 712 681 714 681 714 681 716 681 818 681 818 681 818 681 820 681 820 681 820 681 822 681 822 681 836 693 897 681 897 681 899 681 899 681 899 681 967 695 968 695 968 695 1000 679 1000 679 1000 679 1002 679 1002 679 1002 679 1004 679 1004 679 1006 679 1047 689 1083 679 1085 679 1085 679 1085 679 1087 679 1087 679 1089 679 1089 679 1124 693 1124 693 1288 693 1294 748 1298 756 1282 768 1282 768 1280 768 1280 768 1278 768 1278 768 1278 768 1276 768 1107 760 138 770"/></Shape>
	    <String CONTENT="de ſe faire creindre: Folie ha fait les autres"
                    HPOS="130"
                    VPOS="679"
                    WIDTH="1168"
                    HEIGHT="91"></String>
          </TextLine>

          
          
          <TextLine ID="eSc_line_84a27de0"
                    TAGREFS="LT1422"
                    BASELINE="142 833 1292 827" 
                    HPOS="136"
                    VPOS="760"
                    WIDTH="1156"
                    HEIGHT="87">
            <Shape><Polygon POINTS="142 833 136 782 185 764 187 764 187 764 187 764 189 764 189 764 189 764 191 764 191 764 191 764 193 764 215 780 288 780 319 764 319 764 321 764 321 764 323 764 430 764 430 764 430 764 432 764 432 764 432 764 434 764 434 764 434 766 447 778 513 764 513 764 513 764 515 764 515 764 517 764 566 776 586 762 588 762 588 762 588 762 590 762 590 762 592 762 592 762 592 762 594 762 637 778 740 778 757 762 757 762 759 762 759 762 759 762 761 762 761 762 763 762 763 762 899 776 972 776 990 760 990 760 992 760 992 760 992 760 994 760 994 760 996 760 996 760 996 760 998 760 1047 776 1120 776 1140 760 1140 760 1142 760 1142 760 1144 760 1144 760 1144 760 1146 760 1146 760 1146 760 1148 760 1191 776 1288 776 1292 827 1290 839 142 847"/></Shape>
	    <String CONTENT="obeïr. Folie ha inuenté toute l’excellence,"
                    HPOS="136"
                    VPOS="760"
                    WIDTH="1156"
                    HEIGHT="87"></String>
          </TextLine>

          
          
          <TextLine ID="eSc_line_9c5a2f07"
                    TAGREFS="LT1422"
                    BASELINE="144 912 1290 900" 
                    HPOS="138"
                    VPOS="837"
                    WIDTH="1152"
                    HEIGHT="97">
            <Shape><Polygon POINTS="144 912 138 861 183 847 185 847 185 847 185 847 187 847 187 847 252 857 262 849 262 847 262 847 264 847 264 847 264 847 266 847 266 847 266 847 268 847 451 855 471 845 471 845 471 845 473 845 473 845 473 845 475 845 475 845 475 845 477 845 509 855 546 843 548 843 548 843 550 843 550 843 649 853 712 841 712 841 712 841 714 841 901 851 961 839 961 839 961 839 963 839 1093 849 1207 837 1207 837 1209 837 1209 837 1286 849 1290 900 1286 924 982 916 919 926 899 928 899 928 897 928 897 928 876 926 803 916 785 926 783 926 783 926 783 926 781 926 781 926 781 926 779 926 779 926 773 926 716 916 663 926 639 930 639 930 639 932 599 932 597 930 597 930 595 930 595 930 595 930 594 930 594 930 594 928 590 926 582 918 532 926 517 928 517 928 515 928 447 926 305 922 292 926 272 934 272 934 270 934 270 934 268 934 268 934 268 934 232 926 209 922 144 926"/></Shape>
	    <String CONTENT="magnificence &amp; grandeur, qui depuis à cet¬"
                    HPOS="138"
                    VPOS="837"
                    WIDTH="1152"
                    HEIGHT="97"></String>
          </TextLine>

          
          
          <TextLine ID="eSc_line_1744ebae"
                    TAGREFS="LT1422"
                    BASELINE="144 987 1292 975" 
                    HPOS="142"
                    VPOS="914"
                    WIDTH="1150"
                    HEIGHT="91">
            <Shape><Polygon POINTS="144 987 142 940 278 940 284 938 329 922 331 922 331 922 331 922 333 922 333 922 333 922 335 922 335 922 367 936 367 936 371 936 449 926 449 926 451 926 451 926 451 926 493 934 499 936 503 934 519 920 519 920 521 920 521 920 521 920 522 920 522 920 522 920 524 920 524 920 597 932 714 918 716 918 767 918 767 918 767 918 769 918 769 918 769 918 771 918 771 918 771 920 783 930 858 918 858 918 860 918 860 918 860 918 862 918 862 918 862 918 864 918 880 930 884 932 888 930 911 918 911 918 911 918 913 918 913 918 915 918 915 918 917 918 959 928 967 932 1065 932 1079 928 1118 916 1120 916 1120 916 1122 916 1122 916 1124 916 1164 926 1176 930 1255 930 1259 924 1268 916 1268 914 1268 914 1270 914 1270 914 1270 914 1272 914 1272 914 1274 914 1274 914 1274 914 1276 914 1276 914 1276 914 1278 914 1292 924 1292 975 1290 993 144 1005"/></Shape>
	    <String CONTENT="te cauſe s’en eſt enſuiuie. Et neanmoins, qui"
                    HPOS="142"
                    VPOS="914"
                    WIDTH="1150"
                    HEIGHT="91"></String>
          </TextLine>

          
          
          <TextLine ID="eSc_line_fabb1281"
                    TAGREFS="LT1422"
                    BASELINE="144 1066 1292 1052" 
                    HPOS="142"
                    VPOS="993"
                    WIDTH="1150"
                    HEIGHT="96">
            <Shape><Polygon POINTS="144 1066 142 1005 221 1014 236 1005 236 1003 236 1003 238 1003 238 1003 238 1003 240 1003 240 1003 242 1003 242 1003 242 1003 244 1003 248 1005 284 1014 313 1005 321 1001 321 1001 323 1001 323 1001 325 1001 325 1001 325 1001 345 1005 390 1013 453 1005 467 1003 467 1003 469 1003 469 1003 481 1005 528 1011 540 1005 544 1001 546 1001 546 1001 548 1001 548 1001 548 1001 550 1001 550 1001 552 1001 552 1001 552 1001 554 1001 558 1005 568 1011 599 1005 635 997 635 997 635 997 637 997 637 997 639 997 663 1005 678 1009 694 1005 710 999 712 999 712 999 712 999 714 999 714 999 714 999 716 999 716 999 728 1005 740 1009 848 1009 854 1005 866 995 868 995 868 995 868 995 870 995 870 995 870 995 872 995 872 995 921 1005 939 1007 945 1005 961 993 963 993 963 993 963 993 965 993 965 993 967 993 967 993 967 993 968 993 968 993 970 993 988 1005 990 1005 992 1005 1022 993 1022 993 1024 993 1024 993 1026 993 1026 993 1026 993 1028 993 1028 993 1051 1005 1055 1005 1286 1005 1292 1052 1292 1070 369 1078 369 1080 305 1089 305 1089 305 1089 303 1089 142 1080"/></Shape>
	    <String CONTENT="ha il plus venerable entre les hommes, que"
                    HPOS="142"
                    VPOS="993"
                    WIDTH="1150"
                    HEIGHT="96"></String>
          </TextLine>

          
          
          <TextLine ID="eSc_line_ee9f6ca5"
                    TAGREFS="LT1422"
                    BASELINE="144 1143 1290 1127" 
                    HPOS="140"
                    VPOS="1068"
                    WIDTH="1150"
                    HEIGHT="88">
            <Shape><Polygon POINTS="144 1143 140 1095 319 1080 321 1080 321 1080 408 1087 430 1089 440 1087 471 1078 473 1078 473 1078 473 1078 475 1078 475 1078 521 1085 536 1087 592 1083 696 1076 698 1076 698 1076 698 1076 700 1076 700 1076 702 1076 702 1076 708 1081 716 1085 763 1080 799 1076 799 1076 801 1076 860 1078 982 1081 996 1074 1002 1070 1004 1070 1004 1070 1004 1070 1006 1070 1006 1070 1006 1070 1008 1070 1008 1070 1010 1070 1010 1070 1020 1074 1034 1078 1148 1070 1195 1068 1197 1068 1197 1068 1199 1068 1205 1070 1241 1078 1282 1068 1290 1127 1290 1148 144 1156"/></Shape>
	    <String CONTENT="ceus qui commandent aus autres? Toymeſ¬"
                    HPOS="140"
                    VPOS="1068"
                    WIDTH="1150"
                    HEIGHT="88"></String>
          </TextLine>

          
          
          <TextLine ID="eSc_line_150fba5f"
                    TAGREFS="LT1422"
                    BASELINE="148 1221 1292 1206" 
                    HPOS="144"
                    VPOS="1143"
                    WIDTH="1148"
                    HEIGHT="102">
            <Shape><Polygon POINTS="148 1221 144 1172 250 1170 286 1154 286 1154 288 1154 288 1154 290 1154 290 1154 404 1166 509 1152 509 1152 511 1152 511 1152 511 1152 513 1152 513 1152 513 1152 515 1152 515 1152 515 1154 526 1166 572 1166 661 1162 670 1152 670 1150 670 1150 672 1150 672 1150 672 1150 674 1150 674 1150 674 1150 676 1150 818 1160 858 1147 858 1147 860 1147 860 1147 862 1147 862 1147 864 1147 864 1147 864 1147 890 1160 1000 1160 1028 1145 1028 1145 1028 1145 1030 1145 1030 1145 1030 1145 1032 1145 1032 1145 1034 1145 1077 1156 1093 1145 1095 1145 1095 1145 1095 1145 1097 1145 1097 1145 1099 1145 1099 1145 1203 1154 1231 1143 1231 1143 1233 1143 1233 1143 1233 1143 1235 1143 1235 1143 1237 1143 1290 1156 1292 1206 1290 1219 1186 1231 1186 1231 1184 1231 1184 1231 1182 1231 1150 1221 1146 1221 1142 1221 1103 1233 1101 1233 1101 1233 1101 1233 1099 1233 957 1225 929 1223 907 1225 803 1237 803 1237 801 1237 674 1227 659 1227 657 1227 645 1239 645 1239 643 1239 643 1239 643 1239 641 1239 641 1239 639 1239 639 1239 639 1239 586 1229 576 1227 564 1229 505 1241 505 1241 505 1241 503 1241 394 1231 388 1231 386 1231 371 1243 369 1243 369 1243 369 1243 367 1243 367 1243 367 1243 262 1245 260 1245 146 1233"/></Shape>
	    <String CONTENT="me, lupiter, les apelles paſteurs de Peuples:"
                    HPOS="144"
                    VPOS="1143"
                    WIDTH="1148"
                    HEIGHT="102"></String>
          </TextLine>

          
          
          <TextLine ID="eSc_line_a7dd8b39"
                    TAGREFS="LT1422"
                    BASELINE="151 1296 1292 1283" 
                    HPOS="144"
                    VPOS="1221"
                    WIDTH="1148"
                    HEIGHT="99">
            <Shape><Polygon POINTS="151 1296 144 1247 167 1233 169 1233 169 1233 171 1233 171 1233 171 1233 173 1233 303 1243 363 1231 363 1231 363 1231 365 1231 469 1241 576 1229 576 1229 578 1229 578 1229 580 1229 580 1229 580 1229 582 1229 582 1229 582 1231 590 1237 599 1229 599 1229 601 1229 601 1229 603 1229 603 1229 603 1229 605 1229 605 1229 607 1229 607 1229 637 1239 680 1227 682 1227 682 1227 684 1227 684 1227 781 1235 795 1225 795 1225 797 1225 797 1225 797 1225 799 1225 799 1225 801 1225 801 1225 801 1225 803 1225 836 1237 959 1237 976 1225 978 1225 978 1225 978 1225 980 1225 980 1225 982 1225 982 1225 1077 1233 1132 1221 1132 1221 1132 1221 1134 1221 1288 1233 1292 1283 1292 1292 955 1312 953 1312 953 1312 846 1300 844 1300 838 1300 469 1318 467 1318 234 1310 203 1320 201 1320 201 1320 201 1320 199 1320 199 1320 197 1320 197 1320 197 1320 195 1320 195 1320 195 1318 185 1308 183 1308 151 1308"/></Shape>
	    <String CONTENT="veus qu’il leur ſoit obeï ſous peine de la vie:"
                    HPOS="144"
                    VPOS="1221"
                    WIDTH="1148"
                    HEIGHT="99"></String>
          </TextLine>

          
          
          <TextLine ID="eSc_line_8cfe01b2"
                    TAGREFS="LT1422"
                    BASELINE="151 1375 1296 1355" 
                    HPOS="149"
                    VPOS="1302"
                    WIDTH="1149"
                    HEIGHT="89">
            <Shape><Polygon POINTS="151 1375 149 1318 325 1326 404 1314 422 1312 422 1312 424 1312 424 1312 446 1314 534 1322 544 1312 546 1312 546 1310 546 1310 548 1310 548 1310 548 1310 550 1310 550 1310 550 1310 552 1310 552 1310 570 1312 623 1320 635 1312 639 1308 641 1308 641 1308 641 1308 643 1308 643 1308 643 1308 645 1308 690 1310 803 1318 822 1308 832 1304 832 1304 832 1304 834 1304 834 1304 836 1304 836 1304 836 1304 838 1304 852 1308 874 1316 992 1316 1004 1306 1010 1302 1012 1302 1012 1302 1012 1302 1014 1302 1014 1302 1014 1302 1016 1302 1016 1302 1018 1302 1018 1302 1030 1306 1051 1314 1290 1304 1296 1355 1298 1367 1257 1383 1257 1383 1255 1383 1255 1383 1253 1383 1253 1383 1253 1383 1180 1371 1006 1387 1006 1387 1004 1387 1004 1387 1002 1387 961 1375 947 1387 947 1389 947 1389 945 1389 945 1389 943 1389 943 1389 943 1389 832 1391 830 1391 149 1387"/></Shape>
	    <String CONTENT="&amp; neanmoins l’origine eſt venue par cette"
                    HPOS="149"
                    VPOS="1302"
                    WIDTH="1149"
                    HEIGHT="89"></String>
          </TextLine>

          
          
          <TextLine ID="eSc_line_1bc1b917"
                    TAGREFS="LT1422"
                    BASELINE="151 1454 1292 1432" 
                    HPOS="149"
                    VPOS="1373"
                    WIDTH="1145"
                    HEIGHT="97">
            <Shape><Polygon POINTS="151 1454 149 1393 311 1403 355 1391 372 1387 374 1387 374 1387 374 1387 493 1385 495 1385 495 1385 497 1385 517 1391 538 1397 552 1391 570 1383 570 1383 572 1383 572 1383 572 1383 574 1383 574 1383 574 1383 576 1383 576 1383 594 1391 607 1397 627 1391 649 1383 651 1383 651 1383 651 1383 653 1383 653 1383 653 1383 655 1383 655 1383 655 1383 657 1383 657 1383 665 1391 669 1393 682 1391 712 1385 712 1385 714 1385 714 1385 714 1385 742 1391 777 1397 874 1397 880 1389 892 1379 892 1377 892 1377 893 1377 893 1377 893 1377 895 1377 895 1377 897 1377 897 1377 897 1377 963 1389 984 1393 1172 1389 1201 1389 1239 1373 1239 1373 1241 1373 1241 1373 1243 1373 1243 1373 1243 1373 1245 1373 1290 1389 1292 1432 1294 1446 1263 1460 1263 1460 1261 1460 1261 1460 1261 1460 1259 1460 1259 1460 1257 1460 1215 1450 1178 1462 1176 1462 1176 1462 1176 1462 1174 1462 874 1458 773 1470 771 1470 149 1468"/></Shape>
	    <String CONTENT="Dame. Mais ainſi que touſiours as acoutu¬"
                    HPOS="149"
                    VPOS="1373"
                    WIDTH="1145"
                    HEIGHT="97"></String>
          </TextLine>

          
          
          <TextLine ID="eSc_line_0019a7b0"
                    TAGREFS="LT1422"
                    BASELINE="151 1529 1296 1511" 
                    HPOS="148"
                    VPOS="1450"
                    WIDTH="1150"
                    HEIGHT="104">
            <Shape><Polygon POINTS="151 1529 148 1480 246 1466 246 1466 248 1466 248 1466 250 1466 250 1466 250 1466 252 1466 252 1466 252 1468 262 1478 266 1480 268 1478 280 1466 280 1464 280 1464 282 1464 282 1464 282 1464 284 1464 284 1464 284 1464 286 1464 286 1464 365 1476 392 1480 420 1476 469 1466 469 1466 471 1466 471 1466 471 1466 473 1466 473 1466 475 1466 489 1474 497 1478 627 1478 631 1472 639 1466 639 1464 639 1464 641 1464 641 1464 641 1464 643 1464 643 1464 645 1464 645 1464 724 1472 759 1474 767 1470 795 1458 795 1458 797 1458 797 1458 797 1458 925 1454 927 1454 927 1454 927 1454 986 1468 1000 1470 1014 1468 1045 1458 1047 1458 1047 1458 1049 1458 1049 1458 1116 1466 1142 1468 1150 1466 1178 1452 1178 1452 1180 1452 1180 1452 1180 1452 1182 1452 1182 1452 1182 1452 1184 1452 1184 1452 1209 1464 1229 1450 1231 1450 1231 1450 1231 1450 1233 1450 1233 1450 1235 1450 1235 1450 1235 1450 1292 1464 1296 1511 1298 1525 1270 1539 1270 1539 1270 1539 1268 1539 1268 1539 1266 1539 1266 1539 1266 1539 1219 1529 1170 1541 1168 1541 1168 1541 1166 1541 1166 1541 1087 1531 1042 1543 1040 1543 1040 1543 1040 1543 785 1547 783 1547 280 1543 236 1554 234 1554 234 1554 232 1554 232 1554 149 1543"/></Shape>
	    <String CONTENT="mé faire, tu as conuerti à bien ce que les"
                    HPOS="148"
                    VPOS="1450"
                    WIDTH="1150"
                    HEIGHT="104"></String>
          </TextLine>

          
          
          <TextLine ID="eSc_line_7c9412ad"
                    TAGREFS="LT1422"
                    BASELINE="153 1608 1006 1598 1296 1584" 
                    HPOS="151"
                    VPOS="1527"
                    WIDTH="1145"
                    HEIGHT="102">
            <Shape><Polygon POINTS="153 1608 151 1545 230 1554 511 1553 524 1539 524 1539 526 1539 526 1539 526 1539 528 1539 528 1539 528 1539 528 1539 530 1539 530 1539 530 1539 532 1539 532 1539 532 1539 534 1539 534 1539 534 1541 546 1551 619 1551 645 1537 645 1537 645 1537 645 1537 647 1537 647 1537 649 1537 649 1537 649 1537 649 1537 651 1537 651 1537 651 1537 653 1537 653 1537 653 1539 665 1549 801 1549 826 1533 828 1533 828 1533 828 1533 830 1533 830 1533 832 1533 886 1533 886 1533 886 1533 888 1533 888 1533 888 1533 888 1533 890 1533 890 1533 890 1535 901 1545 1051 1529 1069 1529 1071 1529 1071 1529 1083 1529 1188 1541 1290 1527 1296 1584 1296 1606 665 1623 663 1623 447 1618 440 1618 440 1618 412 1627 412 1627 410 1627 410 1627 408 1627 408 1627 333 1620 272 1629 272 1629 272 1629 270 1629 151 1620"/></Shape>
	    <String CONTENT="hommes auoient inuenté à mal. Mais, pour"
                    HPOS="151"
                    VPOS="1527"
                    WIDTH="1145"
                    HEIGHT="102"></String>
          </TextLine>

          
          
          <TextLine ID="eSc_line_a6bd531f"
                    TAGREFS="LT1422"
                    BASELINE="153 1687 941 1677 1298 1661" 
                    HPOS="148"
                    VPOS="1606"
                    WIDTH="1150"
                    HEIGHT="106">
            <Shape><Polygon POINTS="153 1687 148 1639 197 1625 199 1625 199 1625 201 1625 201 1625 201 1625 246 1635 266 1623 268 1623 268 1623 270 1623 270 1623 270 1623 272 1623 272 1623 372 1633 430 1621 430 1621 430 1621 432 1621 811 1625 830 1614 832 1614 832 1614 832 1614 834 1614 834 1614 836 1614 836 1614 913 1623 921 1614 923 1614 923 1612 923 1612 925 1612 925 1612 925 1612 927 1612 927 1612 929 1612 1144 1620 1278 1606 1278 1606 1280 1606 1280 1606 1282 1606 1282 1606 1282 1606 1284 1606 1284 1606 1298 1618 1298 1661 1296 1681 1118 1694 1116 1694 1116 1694 1042 1687 1036 1687 1036 1687 1008 1700 1008 1700 1008 1700 1006 1700 1006 1700 1004 1700 773 1694 702 1706 702 1706 702 1706 566 1708 564 1708 564 1708 562 1708 562 1708 528 1696 526 1696 526 1696 485 1710 483 1710 483 1710 483 1710 481 1710 481 1710 424 1700 327 1712 327 1712 325 1712 325 1712 325 1712 323 1712 323 1712 323 1712 303 1702 153 1702"/></Shape>
	    <String CONTENT="retourner à mon propos, quels hommes ſont"
                    HPOS="148"
                    VPOS="1606"
                    WIDTH="1150"
                    HEIGHT="106"></String>
          </TextLine>

          
          
          <TextLine ID="eSc_line_3fd49e01"
                    TAGREFS="LT1422"
                    BASELINE="157 1765 903 1756 1296 1738" 
                    HPOS="151"
                    VPOS="1677"
                    WIDTH="1145"
                    HEIGHT="114">
            <Shape><Polygon POINTS="157 1765 151 1716 197 1698 197 1698 199 1698 199 1698 201 1698 382 1708 446 1710 635 1708 653 1698 670 1689 670 1689 670 1689 672 1689 672 1689 672 1689 674 1689 674 1689 676 1689 676 1689 676 1689 692 1696 708 1704 747 1704 757 1694 765 1689 765 1687 765 1687 767 1687 767 1687 767 1687 769 1687 769 1687 771 1687 771 1687 830 1692 913 1700 929 1689 935 1683 935 1683 937 1683 937 1683 937 1683 939 1683 939 1683 939 1683 941 1683 941 1683 943 1683 963 1687 1008 1698 1069 1683 1085 1681 1085 1681 1085 1681 1087 1681 1087 1681 1087 1681 1089 1681 1089 1681 1095 1683 1124 1696 1162 1681 1166 1679 1166 1679 1168 1679 1168 1679 1168 1679 1170 1679 1170 1679 1172 1679 1172 1679 1172 1679 1176 1681 1197 1690 1290 1677 1296 1738 1296 1756 1176 1757 1172 1759 1136 1773 1136 1773 1134 1773 1134 1773 1132 1773 1132 1773 1132 1773 1079 1763 1077 1763 1073 1763 1032 1775 1030 1775 1030 1775 1030 1775 826 1777 824 1777 824 1777 824 1777 799 1771 781 1767 775 1773 771 1775 771 1777 771 1777 769 1777 769 1777 769 1777 767 1777 767 1777 767 1777 765 1777 765 1777 763 1777 747 1773 730 1769 720 1775 706 1781 706 1781 706 1781 704 1781 704 1781 702 1781 702 1781 702 1781 700 1781 700 1781 700 1781 688 1775 684 1773 637 1777 540 1785 540 1785 538 1785 538 1785 505 1781 451 1773 420 1783 420 1783 418 1783 418 1783 418 1783 416 1783 416 1783 414 1783 371 1775 355 1785 355 1787 355 1787 353 1787 353 1787 351 1787 351 1787 351 1787 349 1787 327 1787 207 1779 159 1791"/></Shape>
	    <String CONTENT="plus honorez que les fols? Qui fut plus fol"
                    HPOS="151"
                    VPOS="1677"
                    WIDTH="1145"
                    HEIGHT="114"></String>
          </TextLine>

          
          
          <TextLine ID="eSc_line_772a693c"
                    TAGREFS="LT1422"
                    BASELINE="159 1838 763 1834 1300 1817" 
                    HPOS="155"
                    VPOS="1757"
                    WIDTH="1145"
                    HEIGHT="109">
            <Shape><Polygon POINTS="159 1838 155 1795 264 1775 264 1775 266 1775 266 1775 408 1787 481 1771 481 1771 481 1771 483 1771 483 1771 586 1785 657 1773 657 1773 659 1773 659 1773 659 1773 661 1773 692 1783 708 1769 708 1767 708 1767 710 1767 710 1767 710 1767 712 1767 712 1767 714 1767 714 1767 714 1767 716 1767 759 1781 803 1765 803 1765 805 1765 805 1765 807 1765 807 1765 807 1765 809 1765 809 1765 842 1781 903 1781 911 1781 933 1779 986 1779 1020 1761 1020 1761 1020 1761 1022 1761 1022 1761 1022 1761 1024 1761 1164 1771 1180 1759 1180 1759 1182 1759 1182 1759 1184 1759 1184 1759 1184 1759 1255 1757 1257 1757 1257 1757 1259 1757 1259 1757 1298 1773 1300 1817 1300 1834 1022 1852 1022 1852 785 1856 783 1856 783 1856 781 1856 781 1856 753 1846 740 1856 738 1856 738 1856 738 1856 736 1856 736 1856 734 1856 734 1856 734 1856 684 1848 609 1858 609 1858 607 1858 607 1858 607 1858 605 1858 605 1858 605 1858 603 1858 590 1848 590 1848 578 1848 473 1862 473 1862 471 1862 471 1862 471 1862 469 1862 469 1862 446 1852 446 1852 341 1852 341 1854 327 1864 327 1864 325 1864 325 1864 323 1864 323 1864 323 1864 321 1864 321 1864 321 1864 319 1864 319 1864 317 1864 317 1864 305 1854 303 1854 228 1854 228 1856 219 1864 219 1866 219 1866 217 1866 217 1866 217 1866 215 1866 215 1866 215 1866 213 1866 213 1866 157 1856"/></Shape>
	    <String CONTENT="qu’Alexandre, qui ſe ſentant ſoufrir faim,"
                    HPOS="155"
                    VPOS="1757"
                    WIDTH="1145"
                    HEIGHT="109"></String>
          </TextLine>

          
          
          <TextLine ID="eSc_line_d70e0291"
                    TAGREFS="LT1422"
                    BASELINE="157 1919 909 1909 1300 1892" 
                    HPOS="151"
                    VPOS="1834"
                    WIDTH="1149"
                    HEIGHT="107">
            <Shape><Polygon POINTS="157 1919 151 1866 252 1854 252 1854 254 1854 376 1860 442 1864 446 1860 451 1852 453 1852 453 1850 453 1850 455 1850 455 1850 455 1850 457 1850 457 1850 459 1850 459 1850 546 1858 560 1858 562 1858 576 1848 578 1848 578 1848 580 1848 580 1848 580 1848 582 1848 582 1848 584 1848 617 1856 625 1858 629 1856 643 1846 645 1846 645 1846 645 1846 647 1846 647 1846 649 1846 649 1846 649 1846 651 1846 676 1854 688 1858 811 1852 986 1844 988 1844 988 1844 1018 1848 1040 1852 1067 1848 1118 1838 1118 1838 1120 1838 1120 1838 1184 1846 1211 1848 1217 1844 1237 1834 1237 1834 1237 1834 1239 1834 1239 1834 1239 1834 1241 1834 1241 1834 1296 1844 1300 1892 1300 1909 1178 1925 1178 1925 1176 1925 1012 1917 945 1931 945 1931 945 1931 706 1935 704 1935 704 1935 702 1935 702 1935 672 1923 670 1923 661 1923 524 1939 524 1939 522 1939 522 1939 521 1939 477 1927 475 1927 471 1927 432 1941 430 1941 430 1941 430 1941 428 1941 155 1933"/></Shape>
	    <String CONTENT="ſoif, &amp; quelquefois ne pouuant cacher ſon"
                    HPOS="151"
                    VPOS="1834"
                    WIDTH="1149"
                    HEIGHT="107"></String>
          </TextLine>

          
          
          <TextLine ID="eSc_line_70e5b551"
                    TAGREFS="LT1422"
                    BASELINE="163 1996 866 1988 1296 1966" 
                    HPOS="157"
                    VPOS="1913"
                    WIDTH="1139"
                    HEIGHT="103">
            <Shape><Polygon POINTS="163 1996 157 1951 201 1933 201 1933 203 1933 203 1933 205 1933 205 1933 205 1933 207 1933 207 1933 244 1949 248 1949 303 1949 307 1947 335 1929 337 1929 337 1929 339 1929 339 1929 339 1929 341 1929 341 1929 343 1929 343 1929 343 1929 345 1929 369 1945 371 1947 428 1947 436 1943 479 1927 481 1927 481 1927 481 1927 483 1927 483 1927 485 1927 532 1941 536 1941 540 1941 576 1925 576 1925 578 1925 578 1925 578 1925 580 1925 580 1925 661 1937 678 1939 700 1935 775 1923 775 1923 777 1923 777 1923 779 1923 818 1933 818 1933 820 1933 834 1921 834 1919 834 1919 836 1919 836 1919 838 1919 838 1919 838 1919 840 1919 840 1919 842 1919 842 1919 842 1919 866 1931 874 1935 882 1931 915 1917 915 1917 917 1917 917 1917 917 1917 919 1917 919 1917 921 1917 921 1917 921 1917 923 1917 923 1917 937 1929 941 1933 949 1929 980 1915 980 1915 982 1915 982 1915 982 1915 984 1915 984 1915 1047 1923 1132 1913 1132 1913 1134 1913 1134 1913 1134 1913 1136 1913 1136 1913 1136 1913 1156 1923 1162 1927 1184 1923 1223 1915 1223 1915 1223 1915 1225 1915 1292 1921 1296 1966 1296 1984 972 2004 970 2004 970 2004 901 1994 886 2006 886 2006 884 2006 884 2006 884 2006 882 2006 882 2006 882 2006 728 2008 726 2008 726 2008 724 2008 724 2008 724 2008 722 2008 706 1998 706 1998 700 1998 489 2014 487 2014 487 2014 487 2014 434 2004 406 2016 406 2016 404 2016 404 2016 404 2016 402 2016 161 2008"/></Shape>
	    <String CONTENT="vin, ſuget à eſtre malade &amp; bleſsé, nean¬"
                    HPOS="157"
                    VPOS="1913"
                    WIDTH="1139"
                    HEIGHT="103"></String>
          </TextLine>

          
          
          <TextLine ID="eSc_line_7e6c492c"
                    TAGREFS="LT1422"
                    BASELINE="157 2073 984 2063 1298 2041" 
                    HPOS="153"
                    VPOS="1988"
                    WIDTH="1145"
                    HEIGHT="120">
            <Shape><Polygon POINTS="157 2073 153 2022 355 2022 365 2014 372 2008 372 2006 372 2006 374 2006 374 2006 376 2006 376 2006 376 2006 378 2006 378 2006 378 2006 380 2006 402 2014 420 2020 432 2012 444 2004 446 2004 446 2004 446 2004 447 2004 447 2004 447 2004 570 2002 572 2002 572 2002 574 2002 595 2008 633 2018 659 2006 672 2000 672 2000 674 2000 674 2000 674 2000 676 2000 676 2000 678 2000 678 2000 692 2004 720 2016 846 2016 872 2002 872 2002 872 2002 874 2002 874 2002 874 2002 876 2002 1030 2010 1057 1994 1059 1992 1061 1992 1061 1992 1063 1992 1063 1992 1065 1992 1128 1992 1128 1992 1128 1992 1130 1992 1130 1992 1130 1992 1130 1992 1132 1992 1150 2004 1292 1988 1298 2041 1298 2071 1229 2083 1229 2083 1229 2083 1227 2083 1130 2077 1057 2096 1055 2096 1055 2096 1053 2096 1053 2096 1053 2096 1051 2096 1018 2087 850 2100 848 2100 848 2100 848 2100 846 2100 846 2100 818 2089 777 2102 775 2102 775 2102 775 2102 568 2106 566 2106 566 2106 479 2094 432 2108 430 2108 430 2108 430 2108 428 2108 428 2108 426 2108 426 2108 426 2108 424 2108 424 2108 424 2106 408 2093 390 2102 388 2102 388 2102 386 2102 386 2102 386 2102 384 2102 155 2093"/></Shape>
	    <String CONTENT="moins ſe faiſoit adorer comme Dieu? Et"
                    HPOS="153"
                    VPOS="1988"
                    WIDTH="1145"
                    HEIGHT="120"></String>
          </TextLine>

          
          
          <TextLine ID="eSc_line_ad899a9c"
                    TAGREFS="LT1422"
                    BASELINE="1203 2122 1298 2118" 
                    HPOS="1197"
                    VPOS="2055"
                    WIDTH="101"
                    HEIGHT="108">
            <Shape><Polygon POINTS="1203 2122 1197 2075 1292 2055 1298 2118 1298 2146 1203 2163"/></Shape>
	    <String CONTENT="quel"
                    HPOS="1197"
                    VPOS="2055"
                    WIDTH="101"
                    HEIGHT="108"></String>
          </TextLine>

          
        </TextBlock>
        
        <TextBlock HPOS="1196"
                   VPOS="2062"
                   WIDTH="106"
                   HEIGHT="91"
                   ID="eSc_textblock_f81c28dc"
                   TAGREFS="BT4318">
          <Shape><Polygon POINTS="1196 2153 1208 2077 1302 2062 1302 2153"/></Shape>
          
        </TextBlock>
        

        
      </PrintSpace>
    </Page>
  </Layout>
</alto>
