1327 2354
39 60 1152 98 quel nom eſt plus celebre entre les Rois:

39 145 1150 94 quelles gens ont eſté pour un tems en plus

51 219 1140 92 grande reputacion, que les Filozofes? Si en

37 300 1150 84 trouuerez vous peu, qui n’ayent eſté abruuez

31 368 1156 98 de Folie. Combien penſez vous qu’elle ait

33 449 1148 90 de fois remué le cerueau de Chryſippe? Ari¬

39 529 1138 83 ſtote ne mourut il de dueil, comme un fol,

37 604 1142 84 ne pouuant entendre la cauſe du flus & re¬

33 678 1150 87 fus de l’Euripe? Crate, getant ſon treſor en

33 757 1152 88 la mer, ne fit il un ſage tour? Empedocle qui

37 833 1146 81 ſe fuſt fait immortel ſans ſes ſabots d’erain,

39 912 1142 88 en auoit il ce qui lui en failloit? Diogene

35 990 1144 90 auec ſon tonneau: & Ariſtippe qui ſe pen¬

29 1067 1152 84 ſoit grand Filozofe, ſe ſachant bien ouy d’un

39 1143 1140 90 grand Signeur, eſtoient ils ſages? Ie croy qui

27 1222 1150 88 regarderoit bien auant leurs opinions, que

31 1300 1144 77 lon les trouueroit auſſi crues, comme leurs

31 1371 1148 88 cerueaus eſtoient mal faits. Combien y ha il

35 1445 1142 94 d’autres ſciences au monde, leſquelles ne

33 1532 1138 88 ſont que pure reſuerie? encore que ceus qui

33 1600 1140 98 en font profeſſions, ſoient eſtimez grans per¬

33 1677 1148 94 ſonnages entre les hommes? Ceus qui font

29 1755 1146 90 des maiſons au Ciel, ces geteurs de points,

31 1828 1146 88 faiſeurs de characteres, & autres ſemblables,

31 1902 1152 98 ne doiuent ils eſtre mis en ce reng? N’eſt à

31 1985 1152 104 eſtimer cette fole curioſité de meſurer le

724 2083 139 88 e 4

1022 2063 155 112 Ciel,
