<?xml version="1.0" encoding="UTF-8"?>
<alto xmlns:xsi="http://www.w3.org/2001/XMLSchema-instance"
      xmlns="http://www.loc.gov/standards/alto/ns-v4#"
      xsi:schemaLocation="http://www.loc.gov/standards/alto/ns-v4# http://www.loc.gov/standards/alto/v4/alto-4-2.xsd">
  <Description>
    <MeasurementUnit>pixel</MeasurementUnit>
    <sourceImageInformation>
      <fileName>82.jpg</fileName>
      
    </sourceImageInformation>
  </Description>
  
  <Tags>
    <OtherTag ID="BT4319" LABEL="RunningTitleZone" DESCRIPTION="block type RunningTitleZone"/><OtherTag ID="BT4318" LABEL="QuireMarksZone" DESCRIPTION="block type QuireMarksZone"/><OtherTag ID="BT4317" LABEL="NumberingZone" DESCRIPTION="block type NumberingZone"/><OtherTag ID="BT4316" LABEL="MarginTextZone" DESCRIPTION="block type MarginTextZone"/><OtherTag ID="BT4315" LABEL="MainZone" DESCRIPTION="block type MainZone"/><OtherTag ID="BT4314" LABEL="GraphicZone" DESCRIPTION="block type GraphicZone"/><OtherTag ID="BT4313" LABEL="DropCapitalZone" DESCRIPTION="block type DropCapitalZone"/><OtherTag ID="BT4321" LABEL="TitlePageZone" DESCRIPTION="block type TitlePageZone"/><OtherTag ID="BT4320" LABEL="StampZone" DESCRIPTION="block type StampZone"/>
    <OtherTag ID="LT1422" LABEL="DefaultLine" DESCRIPTION="line type DefaultLine"/><OtherTag ID="LT1421" LABEL="DropCapitalLine" DESCRIPTION="line type DropCapitalLine"/><OtherTag ID="LT1420" LABEL="HeadingLine" DESCRIPTION="line type HeadingLine"/>
  </Tags>
  
  <Layout>
    <Page WIDTH="1340"
          HEIGHT="2365"
          PHYSICAL_IMG_NR="80"
          ID="eSc_dummypage_">
      <PrintSpace HPOS="0"
                  VPOS="0"
                  WIDTH="1340"
                  HEIGHT="2365">
        
        <TextBlock HPOS="102"
                   VPOS="70"
                   WIDTH="1189"
                   HEIGHT="2033"
                   ID="eSc_textblock_a255f033"
                   TAGREFS="BT4315">
          <Shape><Polygon POINTS="1276 70 1291 2062 1001 2088 930 2103 126 2079 102 110 118 78 260 70"/></Shape>
          
          
          <TextLine ID="eSc_line_5bc360b9"
                    TAGREFS="LT1422"
                    BASELINE="110 141 554 132 1270 137" 
                    HPOS="104"
                    VPOS="59"
                    WIDTH="1166"
                    HEIGHT="92">
            <Shape><Polygon POINTS="110 141 104 78 136 65 136 65 138 65 138 65 140 65 140 65 248 74 268 61 268 61 270 61 270 61 272 61 272 61 272 61 274 61 274 61 276 61 331 74 376 59 376 59 378 59 378 59 380 59 422 59 422 59 422 59 424 59 424 59 424 59 426 59 426 59 426 61 440 74 442 74 444 74 495 59 497 59 497 59 499 59 499 59 499 59 501 59 548 72 556 74 562 72 594 59 594 59 595 59 595 59 595 59 597 59 597 59 665 68 736 59 736 59 738 59 738 59 738 59 740 59 740 59 742 59 742 59 755 70 763 76 836 76 848 68 868 59 868 59 868 59 870 59 870 59 870 59 872 59 872 59 874 59 874 59 874 59 876 59 890 68 890 68 897 68 970 59 970 59 972 59 972 59 972 59 974 59 974 59 974 59 976 59 988 67 1000 74 1266 65 1270 137 1266 149 467 141 110 151"/></Shape>
	    <String CONTENT="Ciel, les Eſtoiles, les Mers, la Terre, conſu¬"
                    HPOS="104"
                    VPOS="59"
                    WIDTH="1166"
                    HEIGHT="92"></String>
          </TextLine>

          
          
          <TextLine ID="eSc_line_5bc17918"
                    TAGREFS="LT1422"
                    BASELINE="110 218 481 210 1272 216" 
                    HPOS="108"
                    VPOS="139"
                    WIDTH="1164"
                    HEIGHT="93">
            <Shape><Polygon POINTS="110 218 108 159 159 159 177 141 177 139 177 139 179 139 179 139 179 139 181 139 181 139 183 139 349 139 349 139 349 139 351 139 410 159 414 161 471 161 471 159 489 143 489 141 489 141 491 141 491 141 491 141 493 141 493 141 493 141 495 141 495 141 497 141 566 159 570 159 572 159 629 149 629 149 629 149 631 149 631 149 633 149 633 149 659 159 661 159 672 159 890 149 892 149 892 149 892 149 893 149 893 149 917 159 939 145 941 145 941 145 943 145 943 145 943 145 945 145 945 145 1032 159 1065 141 1065 141 1065 141 1067 141 1067 141 1067 141 1069 141 1069 141 1071 141 1136 159 1229 143 1229 143 1231 143 1231 143 1231 143 1233 143 1233 143 1272 161 1272 216 1270 232 108 232"/></Shape>
	    <String CONTENT="mer ſon tems à conter, getter, aprendre mile"
                    HPOS="108"
                    VPOS="139"
                    WIDTH="1164"
                    HEIGHT="93"></String>
          </TextLine>

          
          
          <TextLine ID="eSc_line_ab696f1a"
                    TAGREFS="LT1422"
                    BASELINE="120 297 635 287 1274 291" 
                    HPOS="116"
                    VPOS="222"
                    WIDTH="1158"
                    HEIGHT="93">
            <Shape><Polygon POINTS="120 297 116 242 215 228 215 228 217 228 217 228 276 238 294 224 294 224 296 224 296 224 296 224 297 224 297 224 297 224 299 224 299 224 301 224 357 240 410 240 432 224 434 224 434 224 434 224 436 224 436 224 438 224 475 224 475 224 475 224 477 224 477 224 477 224 479 224 479 224 479 226 493 240 534 240 603 240 605 238 672 222 672 222 672 222 674 222 674 222 676 222 676 222 676 222 700 234 714 222 714 222 716 222 716 222 716 222 718 222 718 222 720 222 832 222 832 222 832 222 834 222 880 236 893 224 893 222 893 222 895 222 895 222 895 222 897 222 897 222 897 222 899 222 899 222 970 234 1004 222 1004 222 1006 222 1006 222 1008 222 1071 222 1071 222 1071 222 1073 222 1073 222 1075 222 1075 222 1093 236 1095 236 1158 236 1211 236 1227 224 1229 224 1229 224 1229 224 1231 224 1231 224 1231 224 1233 224 1233 224 1235 224 1274 236 1274 291 1272 309 1099 311 1097 311 1097 311 1095 311 1093 311 1045 299 925 309 923 309 923 309 923 309 874 299 856 311 854 311 854 311 854 311 852 311 852 311 852 311 850 311 690 299 639 313 639 313 637 313 637 313 637 313 635 313 635 313 633 313 633 313 633 313 597 301 487 301 329 313 327 313 327 313 327 313 325 313 325 313 325 313 301 301 120 315"/></Shape>
	    <String CONTENT="petites queſtions, qui de ſoy ſont foles: mais"
                    HPOS="116"
                    VPOS="222"
                    WIDTH="1158"
                    HEIGHT="93"></String>
          </TextLine>

          
          
          <TextLine ID="eSc_line_9ab31f99"
                    TAGREFS="LT1422"
                    BASELINE="114 372 1274 366" 
                    HPOS="110"
                    VPOS="297"
                    WIDTH="1164"
                    HEIGHT="93">
            <Shape><Polygon POINTS="114 372 110 317 217 307 219 307 219 307 319 315 341 317 345 315 357 305 357 305 359 305 359 305 359 305 361 305 361 305 363 305 363 305 365 305 365 305 365 305 367 305 367 305 378 315 382 319 442 319 475 315 491 315 501 301 503 301 503 299 503 299 505 299 505 299 505 299 507 299 507 299 509 299 578 299 578 299 578 299 580 299 580 299 580 299 582 299 582 299 582 301 592 309 607 299 609 299 609 299 609 299 611 299 611 299 613 299 672 299 672 299 672 299 674 299 674 299 674 299 676 299 700 315 742 315 755 301 755 299 755 299 757 299 757 299 757 299 759 299 759 299 761 299 761 299 761 299 763 299 809 313 852 299 854 299 854 299 854 299 856 299 856 299 856 299 858 299 858 299 860 299 860 299 860 301 874 313 901 297 901 297 901 297 903 297 903 297 903 297 905 297 1270 315 1274 366 1272 388 972 388 970 386 970 386 968 386 968 386 967 386 943 376 888 386 864 388 864 388 862 388 862 388 834 384 781 378 572 384 319 390 317 390 112 380"/></Shape>
	    <String CONTENT="neanmoins reſiouiſſent l’eſprit: le font apa¬"
                    HPOS="110"
                    VPOS="297"
                    WIDTH="1164"
                    HEIGHT="93"></String>
          </TextLine>

          
          
          <TextLine ID="eSc_line_58fc89d4"
                    TAGREFS="LT1422"
                    BASELINE="120 451 1274 443" 
                    HPOS="116"
                    VPOS="374"
                    WIDTH="1158"
                    HEIGHT="87">
            <Shape><Polygon POINTS="120 451 116 396 179 382 179 382 179 382 181 382 181 382 250 392 266 380 268 380 268 380 268 380 270 380 270 380 270 380 272 380 272 380 357 392 402 378 404 378 404 378 404 378 406 378 406 378 408 378 447 390 483 378 483 378 485 378 485 378 487 378 892 388 980 374 980 374 982 374 1270 388 1274 443 1270 461 118 457"/></Shape>
	    <String CONTENT="roir grand &amp; ſubtil autant que ſi c’eſtoit en"
                    HPOS="116"
                    VPOS="374"
                    WIDTH="1158"
                    HEIGHT="87"></String>
          </TextLine>

          
          
          <TextLine ID="eSc_line_cf59dd78"
                    TAGREFS="LT1422"
                    BASELINE="120 530 1274 522" 
                    HPOS="116"
                    VPOS="455"
                    WIDTH="1158"
                    HEIGHT="85">
            <Shape><Polygon POINTS="120 530 116 478 217 461 217 461 219 461 219 461 219 461 221 461 260 474 270 465 270 465 272 465 272 465 272 465 274 465 274 465 274 465 276 465 276 465 337 474 416 459 416 459 416 459 418 459 418 459 420 459 471 473 497 459 497 459 497 459 499 459 499 459 499 459 501 459 647 471 755 457 755 457 757 457 757 457 757 457 830 471 955 457 955 457 957 457 957 457 959 457 959 457 959 457 961 457 980 471 1002 461 1002 461 1004 461 1004 461 1004 461 1006 461 1154 467 1197 455 1199 455 1199 455 1201 455 1201 455 1201 455 1270 471 1274 522 1272 540 120 540"/></Shape>
	    <String CONTENT="quelque cas d’importance. Ie n’aurois ia¬"
                    HPOS="116"
                    VPOS="455"
                    WIDTH="1158"
                    HEIGHT="85"></String>
          </TextLine>

          
          
          <TextLine ID="eSc_line_b55797fd"
                    TAGREFS="LT1422"
                    BASELINE="122 607 1278 599" 
                    HPOS="116"
                    VPOS="534"
                    WIDTH="1162"
                    HEIGHT="82">
            <Shape><Polygon POINTS="122 607 116 555 167 540 169 540 169 540 169 540 171 540 171 540 173 540 173 540 173 540 175 540 189 547 197 541 197 540 197 540 199 540 199 540 199 540 201 540 201 540 203 540 242 540 242 540 242 540 244 540 244 540 244 540 246 540 246 540 246 541 258 551 323 540 323 540 323 540 325 540 325 540 404 551 438 538 438 538 440 538 440 538 440 538 442 538 605 549 696 536 696 536 698 536 698 536 781 549 820 549 832 538 832 536 832 536 834 536 834 536 834 536 836 536 836 536 836 536 838 536 838 536 840 536 840 536 870 547 895 536 895 536 895 536 897 536 897 536 899 536 899 536 899 536 901 536 901 536 901 536 903 536 921 547 1146 547 1158 536 1158 534 1158 534 1160 534 1160 534 1160 534 1162 534 1162 534 1164 534 1164 534 1274 547 1278 599 1276 616 122 616"/></Shape>
	    <String CONTENT="mais fait, ſi ie uoulois raconter combien"
                    HPOS="116"
                    VPOS="534"
                    WIDTH="1162"
                    HEIGHT="82"></String>
          </TextLine>

          
          
          <TextLine ID="eSc_line_5c19dd25"
                    TAGREFS="LT1422"
                    BASELINE="124 685 1278 675" 
                    HPOS="116"
                    VPOS="608"
                    WIDTH="1162"
                    HEIGHT="83">
            <Shape><Polygon POINTS="124 685 116 632 130 618 130 616 130 616 132 616 132 616 132 616 134 616 134 616 136 616 201 616 201 616 201 616 203 616 203 616 203 616 205 616 223 628 292 616 292 616 294 616 294 616 294 616 296 616 296 616 297 616 317 628 319 628 335 628 416 626 432 614 434 614 434 614 434 614 436 614 436 614 438 614 438 614 438 614 491 624 538 614 538 614 538 614 540 614 540 614 542 614 542 614 542 614 544 614 544 614 544 616 554 626 556 626 568 624 647 616 647 616 649 616 649 616 651 616 678 624 682 624 684 624 700 612 702 612 702 612 702 612 704 612 704 612 706 612 706 612 706 612 708 612 708 612 708 612 710 612 726 622 728 624 738 622 791 612 791 612 791 612 793 612 793 612 844 622 854 624 990 624 998 618 1016 610 1016 610 1016 610 1018 610 1018 610 1020 610 1020 610 1075 618 1091 620 1095 618 1103 610 1103 608 1103 608 1105 608 1105 608 1105 608 1107 608 1107 608 1107 608 1109 608 1109 608 1111 608 1111 608 1111 608 1128 618 1136 620 1272 616 1278 675 1278 689 124 691"/></Shape>
	    <String CONTENT="d’honneur &amp; de reputacion tous les iours ſe"
                    HPOS="116"
                    VPOS="608"
                    WIDTH="1162"
                    HEIGHT="83"></String>
          </TextLine>

          
          
          <TextLine ID="eSc_line_3186d6bb"
                    TAGREFS="LT1422"
                    BASELINE="124 762 1276 752" 
                    HPOS="116"
                    VPOS="685"
                    WIDTH="1160"
                    HEIGHT="85">
            <Shape><Polygon POINTS="124 762 116 711 140 693 140 693 142 693 142 693 142 693 144 693 144 693 146 693 146 693 296 707 323 693 323 693 323 693 325 693 325 693 325 693 327 693 327 693 329 693 329 693 363 707 479 707 552 691 552 691 552 691 554 691 554 691 556 691 556 691 556 691 558 691 582 705 718 705 769 689 771 689 771 689 773 689 773 689 773 689 775 689 775 689 777 689 777 689 793 701 807 689 807 687 807 687 809 687 809 687 809 687 811 687 811 687 813 687 813 687 813 687 815 687 864 703 939 703 955 689 955 687 957 687 957 687 957 687 959 687 959 687 961 687 961 687 1089 699 1170 685 1170 685 1170 685 1172 685 1172 685 1272 701 1276 752 1276 768 124 770"/></Shape>
	    <String CONTENT="donne à cette Dame, de laquelle vous dites"
                    HPOS="116"
                    VPOS="685"
                    WIDTH="1160"
                    HEIGHT="85"></String>
          </TextLine>

          
          
          <TextLine ID="eSc_line_a9a18fd3"
                    TAGREFS="LT1422"
                    BASELINE="128 841 1278 827" 
                    HPOS="120"
                    VPOS="764"
                    WIDTH="1158"
                    HEIGHT="95">
            <Shape><Polygon POINTS="128 841 120 790 140 776 142 776 142 776 142 776 144 776 144 776 144 776 146 776 146 776 230 786 286 770 288 770 288 770 288 770 290 770 290 770 292 770 292 770 325 782 357 770 357 770 359 770 359 770 361 770 361 770 483 782 497 770 497 768 497 768 499 768 499 768 499 768 501 768 501 768 501 768 503 768 777 780 793 766 793 764 793 764 795 764 795 764 795 764 797 764 797 764 799 764 832 764 832 764 832 764 834 764 834 764 834 764 836 764 836 764 836 766 850 780 878 780 892 766 892 764 892 764 893 764 893 764 893 764 895 764 895 764 895 764 897 764 897 764 899 764 899 764 935 778 1008 778 1020 766 1020 766 1022 766 1022 766 1022 766 1024 766 1024 766 1024 766 1026 766 1026 766 1028 766 1028 766 1028 766 1049 776 1272 776 1278 827 1278 847 457 847 420 849 288 859 286 859 126 849"/></Shape>
	    <String CONTENT="tant de mal. Mais pour le dire en un mot:"
                    HPOS="120"
                    VPOS="764"
                    WIDTH="1158"
                    HEIGHT="95"></String>
          </TextLine>

          
          
          <TextLine ID="eSc_line_99a04c4c"
                    TAGREFS="LT1422"
                    BASELINE="128 920 1274 906" 
                    HPOS="124"
                    VPOS="841"
                    WIDTH="1150"
                    HEIGHT="87">
            <Shape><Polygon POINTS="128 920 124 861 260 855 262 855 262 855 264 855 264 855 264 855 274 859 288 867 305 859 325 851 325 851 327 851 327 851 327 851 329 851 329 851 331 851 363 859 388 865 499 865 513 859 536 851 538 851 538 851 538 851 540 851 540 851 540 851 542 851 542 851 560 859 570 863 590 859 615 853 615 853 615 853 617 853 617 853 659 859 682 861 688 859 712 847 712 847 712 847 714 847 714 847 716 847 716 847 716 847 775 857 787 859 799 857 884 845 884 845 886 845 886 845 888 845 888 845 919 857 921 859 1105 859 1113 857 1199 841 1199 841 1201 841 1201 841 1201 841 1270 857 1274 906 1272 920 128 928"/></Shape>
	    <String CONTENT="Mettez moy au monde un homme totale¬"
                    HPOS="124"
                    VPOS="841"
                    WIDTH="1150"
                    HEIGHT="87"></String>
          </TextLine>

          
          
          <TextLine ID="eSc_line_a81bf5d0"
                    TAGREFS="LT1422"
                    BASELINE="130 995 1278 983" 
                    HPOS="126"
                    VPOS="918"
                    WIDTH="1152"
                    HEIGHT="85">
            <Shape><Polygon POINTS="130 995 126 944 205 928 205 928 205 928 207 928 207 928 209 928 256 940 319 924 321 924 321 924 323 924 388 924 388 924 388 924 390 924 390 924 390 924 392 924 412 938 449 924 449 924 451 924 451 924 453 924 629 936 639 936 641 936 657 922 657 922 659 922 659 922 659 922 661 922 661 922 663 922 663 922 663 922 665 922 665 922 694 936 696 936 698 936 722 920 724 920 724 920 726 920 726 920 726 920 728 920 728 920 730 920 730 920 767 934 769 936 856 936 860 932 893 918 893 918 895 918 895 918 895 918 897 918 897 918 899 918 943 930 984 918 986 918 986 918 986 918 988 918 988 918 990 918 990 918 990 918 992 918 992 918 992 920 1006 930 1006 932 1010 930 1045 918 1047 918 1047 918 1047 918 1049 918 1049 918 1049 918 1051 918 1051 918 1077 930 1083 932 1089 930 1113 920 1113 920 1115 920 1115 920 1115 920 1116 920 1116 920 1118 920 1118 920 1142 928 1146 930 1272 928 1278 983 1278 999 130 1003"/></Shape>
	    <String CONTENT="ment ſage d’un coté, &amp; un fol de l’autre: &amp;"
                    HPOS="126"
                    VPOS="918"
                    WIDTH="1152"
                    HEIGHT="85"></String>
          </TextLine>

          
          
          <TextLine ID="eSc_line_7f9f181e"
                    TAGREFS="LT1422"
                    BASELINE="136 1072 1280 1060" 
                    HPOS="132"
                    VPOS="997"
                    WIDTH="1148"
                    HEIGHT="96">
            <Shape><Polygon POINTS="136 1072 132 1022 359 1009 361 1009 361 1009 361 1009 404 1016 428 1005 428 1005 428 1005 430 1005 430 1005 430 1005 432 1005 432 1005 434 1005 477 1016 511 1003 511 1003 513 1003 513 1003 513 1003 515 1003 515 1003 517 1003 517 1003 517 1003 540 1014 704 1001 704 1001 706 1001 706 1001 708 1001 751 1013 791 1001 793 1001 793 1001 793 1001 795 1001 939 1011 955 999 955 999 957 999 957 999 957 999 959 999 959 999 961 999 961 999 1047 1011 1083 997 1083 997 1085 997 1085 997 1085 997 1087 997 1087 997 1089 997 1089 997 1089 997 1091 997 1091 997 1105 1009 1136 997 1136 997 1138 997 1138 997 1140 997 1140 997 1276 1011 1280 1060 1280 1074 905 1074 870 1080 832 1087 832 1087 830 1087 830 1087 779 1081 722 1076 657 1083 617 1089 617 1089 617 1091 538 1091 536 1089 536 1089 534 1089 534 1089 534 1089 532 1089 530 1087 517 1078 467 1087 446 1091 446 1091 444 1091 444 1091 444 1091 428 1089 386 1080 376 1089 374 1089 374 1091 374 1091 372 1091 372 1091 372 1091 371 1091 371 1091 371 1091 369 1091 343 1089 254 1083 230 1091 226 1093 226 1093 224 1093 224 1093 223 1093 223 1093 223 1093 215 1093 175 1083 138 1093"/></Shape>
	    <String CONTENT="prenez garde lequel ſera plus eſtimé. Mon¬"
                    HPOS="132"
                    VPOS="997"
                    WIDTH="1148"
                    HEIGHT="96"></String>
          </TextLine>

          
          
          <TextLine ID="eSc_line_cdf7f736"
                    TAGREFS="LT1422"
                    BASELINE="128 1150 1276 1139" 
                    HPOS="122"
                    VPOS="1074"
                    WIDTH="1154"
                    HEIGHT="94">
            <Shape><Polygon POINTS="128 1150 122 1095 223 1083 223 1083 224 1083 224 1083 226 1083 226 1083 254 1093 268 1097 282 1093 313 1081 315 1081 315 1081 315 1081 317 1081 317 1081 317 1081 319 1081 319 1081 319 1081 339 1091 343 1093 351 1091 396 1081 396 1081 396 1081 398 1081 398 1081 398 1081 400 1081 400 1081 422 1091 434 1095 564 1095 576 1089 599 1080 599 1080 601 1080 601 1080 601 1080 603 1080 603 1080 667 1087 694 1091 813 1091 817 1085 824 1080 824 1078 824 1078 826 1078 826 1078 826 1078 828 1078 828 1078 828 1078 830 1078 830 1078 832 1078 832 1078 856 1085 874 1091 925 1091 931 1085 941 1078 941 1076 941 1076 943 1076 943 1076 945 1076 945 1076 945 1076 947 1076 947 1076 949 1076 949 1076 949 1076 967 1085 976 1091 1047 1091 1055 1083 1063 1078 1063 1076 1063 1076 1065 1076 1065 1076 1067 1076 1067 1076 1067 1076 1069 1076 1069 1076 1069 1076 1071 1076 1071 1076 1073 1076 1085 1083 1093 1087 1118 1083 1162 1076 1162 1076 1164 1076 1164 1076 1164 1076 1166 1076 1166 1076 1166 1076 1180 1081 1188 1087 1197 1081 1213 1074 1213 1074 1213 1074 1215 1074 1215 1074 1215 1074 1217 1074 1217 1074 1219 1074 1219 1074 1239 1081 1253 1087 1268 1081 1276 1139 1274 1150 1038 1162 1036 1162 852 1154 817 1154 809 1156 777 1164 775 1164 775 1164 773 1164 595 1156 554 1156 536 1158 449 1168 449 1168 447 1168 126 1160"/></Shape>
	    <String CONTENT="ſieur le ſage atendra que lon le prie, &amp; de¬"
                    HPOS="122"
                    VPOS="1074"
                    WIDTH="1154"
                    HEIGHT="94"></String>
          </TextLine>

          
          
          <TextLine ID="eSc_line_c42c0c36"
                    TAGREFS="LT1422"
                    BASELINE="130 1229 1280 1216" 
                    HPOS="124"
                    VPOS="1154"
                    WIDTH="1156"
                    HEIGHT="93">
            <Shape><Polygon POINTS="130 1229 124 1178 157 1166 159 1166 159 1166 159 1166 161 1166 428 1172 619 1158 621 1158 621 1158 621 1158 623 1158 659 1168 710 1158 710 1158 710 1158 712 1158 852 1166 862 1158 862 1156 862 1156 864 1156 864 1156 864 1156 866 1156 866 1156 868 1156 868 1156 868 1156 917 1166 947 1154 947 1154 949 1154 949 1154 949 1154 951 1154 951 1154 953 1154 953 1154 953 1154 974 1166 1061 1166 1071 1156 1071 1154 1071 1154 1073 1154 1073 1154 1073 1154 1075 1154 1075 1154 1075 1154 1077 1154 1276 1164 1280 1216 1280 1223 941 1239 939 1239 939 1239 937 1239 937 1239 917 1231 909 1229 767 1229 757 1235 745 1241 745 1241 745 1241 744 1241 744 1241 744 1241 742 1241 742 1241 740 1241 716 1235 696 1231 663 1237 621 1243 621 1243 619 1243 619 1243 572 1239 522 1233 481 1239 449 1245 449 1245 447 1245 347 1243 151 1237 134 1247"/></Shape>
	    <String CONTENT="meurera auec ſa ſageſſe tout ſeul, ſans que"
                    HPOS="124"
                    VPOS="1154"
                    WIDTH="1156"
                    HEIGHT="93"></String>
          </TextLine>

          
          
          <TextLine ID="eSc_line_b0fd85f6"
                    TAGREFS="LT1422"
                    BASELINE="132 1308 1280 1292" 
                    HPOS="130"
                    VPOS="1227"
                    WIDTH="1150"
                    HEIGHT="101">
            <Shape><Polygon POINTS="132 1308 130 1241 228 1253 264 1239 270 1237 270 1237 272 1237 272 1237 272 1237 274 1237 274 1237 276 1237 276 1237 276 1237 282 1239 305 1253 365 1253 376 1239 378 1239 378 1237 378 1237 380 1237 380 1237 380 1237 382 1237 382 1237 384 1237 384 1237 384 1237 396 1239 438 1247 447 1239 451 1235 451 1235 453 1235 453 1235 453 1235 455 1235 455 1235 455 1235 457 1235 457 1235 459 1235 459 1235 467 1239 495 1249 590 1239 590 1239 592 1239 698 1247 724 1237 734 1233 734 1233 736 1233 736 1233 738 1233 738 1233 738 1233 757 1237 793 1245 803 1237 807 1233 807 1231 807 1231 809 1231 809 1231 809 1231 811 1231 811 1231 811 1231 813 1231 813 1231 844 1237 884 1243 893 1237 901 1229 901 1229 903 1229 903 1229 903 1229 905 1229 905 1229 907 1229 907 1229 974 1235 1032 1241 1053 1235 1081 1227 1083 1227 1083 1227 1085 1227 1276 1235 1280 1292 1278 1304 1134 1316 1132 1316 797 1310 751 1310 745 1310 702 1322 700 1322 700 1322 698 1322 698 1322 698 1322 651 1312 641 1310 625 1312 538 1324 538 1324 536 1324 536 1324 461 1314 446 1312 428 1314 349 1326 349 1326 349 1328 307 1328 305 1326 305 1326 303 1326 303 1326 303 1326 301 1326 301 1326 301 1324 292 1316 290 1314 282 1316 223 1326 223 1326 221 1326 221 1326 130 1316"/></Shape>
	    <String CONTENT="lon l’apelle à gouuerner les Viles, ſans que"
                    HPOS="130"
                    VPOS="1227"
                    WIDTH="1150"
                    HEIGHT="101"></String>
          </TextLine>

          
          
          <TextLine ID="eSc_line_cd509248"
                    TAGREFS="LT1422"
                    BASELINE="132 1383 1278 1369" 
                    HPOS="130"
                    VPOS="1306"
                    WIDTH="1148"
                    HEIGHT="95">
            <Shape><Polygon POINTS="132 1383 132 1320 169 1330 228 1318 234 1318 234 1318 234 1318 236 1318 244 1318 353 1328 396 1316 398 1316 400 1316 400 1316 400 1316 402 1316 402 1316 404 1316 404 1316 404 1316 436 1328 457 1316 461 1314 461 1314 461 1314 463 1314 463 1314 463 1314 465 1314 465 1314 467 1314 467 1314 467 1314 469 1314 469 1314 469 1316 485 1328 607 1328 633 1314 635 1312 635 1312 635 1312 637 1312 637 1312 639 1312 710 1312 710 1312 710 1312 712 1312 712 1312 712 1312 714 1312 734 1324 775 1312 781 1310 783 1310 783 1310 785 1310 785 1310 801 1310 895 1322 907 1312 907 1310 907 1310 909 1310 909 1310 909 1310 909 1310 911 1310 911 1310 913 1310 913 1310 917 1310 1000 1320 1057 1308 1061 1308 1061 1308 1061 1308 1063 1308 1063 1308 1065 1308 1065 1308 1065 1308 1097 1320 1272 1306 1278 1369 1278 1379 294 1401 292 1401 130 1391"/></Shape>
	    <String CONTENT="lon l’apelle en conſeil: il voudra eſcouter, al¬"
                    HPOS="130"
                    VPOS="1306"
                    WIDTH="1148"
                    HEIGHT="95"></String>
          </TextLine>

          
          
          <TextLine ID="eSc_line_8e73b6d8"
                    TAGREFS="LT1422"
                    BASELINE="134 1462 1274 1442" 
                    HPOS="132"
                    VPOS="1379"
                    WIDTH="1142"
                    HEIGHT="103">
            <Shape><Polygon POINTS="134 1462 132 1399 215 1411 319 1407 327 1397 329 1397 329 1395 329 1395 331 1395 331 1395 331 1395 333 1395 333 1395 335 1395 335 1395 335 1395 347 1397 394 1407 576 1407 584 1395 590 1391 590 1391 590 1389 590 1389 592 1389 592 1389 592 1389 594 1389 594 1389 595 1389 595 1389 667 1395 728 1401 742 1395 761 1387 761 1387 763 1387 763 1387 763 1387 765 1387 765 1387 767 1387 793 1395 815 1401 884 1401 897 1395 927 1383 927 1383 929 1383 929 1383 931 1383 931 1383 1008 1393 1036 1397 1055 1393 1116 1381 1116 1381 1116 1381 1118 1381 1118 1381 1120 1381 1120 1381 1150 1393 1156 1395 1166 1393 1227 1379 1227 1379 1227 1379 1229 1379 1229 1379 1229 1379 1231 1379 1272 1393 1274 1442 1274 1452 1045 1468 1045 1470 365 1470 246 1482 246 1482 244 1482 132 1472"/></Shape>
	    <String CONTENT="ler posément ou il ſera mandé: &amp; on ha afai¬"
                    HPOS="132"
                    VPOS="1379"
                    WIDTH="1142"
                    HEIGHT="103"></String>
          </TextLine>

          
          
          <TextLine ID="eSc_line_50511c89"
                    TAGREFS="LT1422"
                    BASELINE="134 1537 1278 1521" 
                    HPOS="128"
                    VPOS="1460"
                    WIDTH="1152"
                    HEIGHT="98">
            <Shape><Polygon POINTS="134 1537 128 1489 167 1478 169 1478 169 1478 171 1478 171 1478 224 1484 234 1476 234 1474 234 1474 236 1474 236 1474 236 1474 238 1474 238 1474 238 1474 240 1474 378 1482 410 1484 422 1482 465 1470 467 1470 467 1470 469 1470 469 1470 469 1470 515 1480 530 1482 538 1478 558 1468 558 1468 558 1468 560 1468 560 1468 562 1468 562 1468 649 1476 702 1480 832 1480 842 1470 850 1464 850 1464 852 1464 852 1464 852 1464 854 1464 854 1464 856 1464 856 1464 856 1464 858 1464 878 1470 892 1474 901 1470 911 1464 911 1464 911 1464 913 1464 913 1464 913 1464 915 1464 915 1464 917 1464 917 1464 917 1464 919 1464 919 1464 923 1468 935 1478 972 1478 980 1466 982 1464 984 1464 984 1462 984 1462 986 1462 986 1462 986 1462 988 1462 988 1462 990 1462 1043 1462 1043 1462 1043 1462 1045 1462 1045 1462 1045 1462 1047 1462 1047 1462 1051 1466 1063 1474 1223 1474 1270 1460 1278 1521 1280 1533 1243 1547 1241 1547 1241 1547 1241 1547 1101 1549 1099 1549 866 1541 789 1551 789 1551 787 1551 787 1551 787 1551 785 1551 785 1551 785 1551 765 1541 765 1541 763 1541 704 1554 704 1554 704 1554 702 1554 702 1554 619 1543 613 1543 605 1543 513 1556 513 1556 513 1558 446 1558 444 1556 444 1556 442 1556 442 1556 442 1556 440 1556 440 1556 440 1554 430 1545 428 1545 420 1545 327 1558 327 1558 325 1558 132 1549"/></Shape>
	    <String CONTENT="re de gens qui ſoient pronts &amp; diligens, qui"
                    HPOS="128"
                    VPOS="1460"
                    WIDTH="1152"
                    HEIGHT="98"></String>
          </TextLine>

          
          
          <TextLine ID="eSc_line_51deee5d"
                    TAGREFS="LT1422"
                    BASELINE="136 1616 1276 1600" 
                    HPOS="128"
                    VPOS="1539"
                    WIDTH="1148"
                    HEIGHT="96">
            <Shape><Polygon POINTS="136 1616 128 1572 144 1554 144 1554 144 1553 144 1553 146 1553 146 1553 148 1553 148 1553 148 1553 149 1553 303 1564 374 1551 374 1551 374 1551 376 1551 376 1551 479 1562 607 1553 609 1553 609 1553 700 1560 724 1545 726 1545 726 1545 726 1545 728 1545 728 1545 728 1545 730 1545 730 1545 732 1545 732 1545 769 1558 984 1558 1026 1547 1028 1547 1028 1547 1030 1547 1030 1547 1083 1554 1097 1543 1097 1541 1097 1541 1099 1541 1099 1541 1099 1541 1101 1541 1101 1541 1101 1541 1103 1541 1103 1541 1105 1541 1144 1551 1162 1539 1164 1539 1164 1539 1164 1539 1166 1539 1166 1539 1168 1539 1168 1539 1272 1554 1276 1600 1276 1610 978 1625 976 1625 976 1625 874 1616 866 1616 860 1616 787 1627 787 1627 785 1627 785 1627 714 1618 710 1618 704 1618 631 1629 631 1629 629 1629 270 1625 252 1635 250 1635 250 1635 250 1635 248 1635 248 1635 246 1635 246 1635 134 1623"/></Shape>
	    <String CONTENT="faillent plus tot que demeurer en chemin."
                    HPOS="128"
                    VPOS="1539"
                    WIDTH="1148"
                    HEIGHT="96"></String>
          </TextLine>

          
          
          <TextLine ID="eSc_line_84171efd"
                    TAGREFS="LT1422"
                    BASELINE="136 1692 1278 1677" 
                    HPOS="134"
                    VPOS="1614"
                    WIDTH="1144"
                    HEIGHT="94">
            <Shape><Polygon POINTS="136 1692 134 1629 242 1643 412 1641 434 1629 444 1623 444 1623 444 1623 446 1623 446 1623 447 1623 447 1623 447 1623 449 1623 467 1629 493 1637 515 1629 528 1623 528 1623 530 1623 530 1623 532 1623 532 1623 532 1623 562 1629 599 1637 611 1629 619 1621 619 1621 621 1621 621 1621 621 1621 623 1621 623 1621 625 1621 625 1621 625 1621 667 1629 670 1629 672 1629 700 1620 700 1620 702 1620 702 1620 704 1620 704 1620 773 1629 811 1635 820 1629 832 1620 832 1620 834 1620 834 1620 836 1620 836 1620 836 1620 838 1620 838 1620 838 1620 840 1620 840 1620 842 1620 842 1620 856 1629 862 1635 986 1635 1000 1629 1043 1616 1045 1616 1045 1616 1045 1616 1047 1616 1047 1616 1049 1616 1049 1616 1049 1616 1051 1616 1051 1616 1067 1629 1071 1633 1128 1633 1132 1629 1160 1614 1162 1614 1162 1614 1164 1614 1164 1614 1164 1614 1166 1614 1166 1614 1168 1614 1168 1614 1168 1614 1170 1614 1170 1614 1170 1616 1186 1629 1186 1631 1274 1631 1278 1677 1278 1692 136 1708"/></Shape>
	    <String CONTENT="Il aura tout loiſir d’aller planter des chous."
                    HPOS="134"
                    VPOS="1614"
                    WIDTH="1144"
                    HEIGHT="94"></String>
          </TextLine>

          
          
          <TextLine ID="eSc_line_d2504a75"
                    TAGREFS="LT1422"
                    BASELINE="134 1769 1280 1754" 
                    HPOS="130"
                    VPOS="1687"
                    WIDTH="1150"
                    HEIGHT="100">
            <Shape><Polygon POINTS="134 1769 130 1706 217 1716 232 1704 232 1704 232 1702 232 1702 234 1702 234 1702 236 1702 236 1702 236 1702 339 1700 341 1700 341 1700 343 1700 343 1700 347 1702 382 1716 402 1704 404 1704 404 1704 406 1704 406 1704 406 1704 408 1704 408 1704 408 1704 410 1704 410 1704 412 1704 428 1714 548 1702 548 1702 550 1702 550 1702 615 1712 641 1700 641 1700 641 1700 643 1700 643 1700 645 1700 645 1700 645 1700 647 1700 690 1712 744 1694 745 1694 747 1694 747 1694 747 1694 749 1694 749 1694 751 1694 751 1694 751 1694 753 1694 753 1694 753 1694 753 1696 767 1710 834 1710 939 1692 939 1692 939 1692 941 1692 941 1692 941 1692 941 1692 943 1692 943 1692 945 1692 945 1692 945 1694 961 1708 1085 1708 1144 1690 1146 1690 1146 1690 1148 1690 1148 1690 1148 1690 1150 1690 1150 1690 1150 1690 1152 1690 1152 1690 1152 1692 1166 1706 1197 1706 1274 1687 1280 1754 1280 1765 706 1783 704 1783 432 1777 422 1777 422 1777 392 1787 392 1787 390 1787 390 1787 388 1787 132 1779"/></Shape>
	    <String CONTENT="Le fol ira tant &amp; viendra, en donnera tant à"
                    HPOS="130"
                    VPOS="1687"
                    WIDTH="1150"
                    HEIGHT="100"></String>
          </TextLine>

          
          
          <TextLine ID="eSc_line_06f86d5f"
                    TAGREFS="LT1422"
                    BASELINE="134 1846 1280 1830" 
                    HPOS="126"
                    VPOS="1779"
                    WIDTH="1156"
                    HEIGHT="83">
            <Shape><Polygon POINTS="134 1846 126 1805 144 1789 144 1787 146 1787 146 1787 146 1787 148 1787 148 1787 148 1787 149 1787 264 1797 272 1787 274 1787 274 1785 274 1785 276 1785 276 1785 276 1785 278 1785 278 1785 280 1785 386 1785 386 1785 386 1785 388 1785 388 1785 388 1785 410 1795 416 1787 418 1787 418 1785 418 1785 420 1785 420 1785 420 1785 422 1785 422 1785 422 1785 424 1785 538 1795 550 1795 552 1795 582 1781 582 1781 584 1781 584 1781 584 1781 586 1781 586 1781 588 1781 588 1781 588 1781 590 1781 590 1781 603 1793 605 1795 684 1795 694 1791 742 1779 744 1779 744 1779 745 1779 745 1779 745 1779 747 1779 747 1779 771 1789 777 1791 811 1789 913 1779 915 1779 1276 1779 1280 1830 1282 1840 1253 1854 1253 1854 1251 1854 1251 1854 1251 1854 1249 1854 1249 1854 1249 1854 1247 1854 1247 1854 1245 1854 1227 1844 826 1860 824 1860 824 1860 824 1860 769 1850 706 1862 706 1862 704 1862 132 1856"/></Shape>
	    <String CONTENT="tort &amp; à trauers, qu’il rencontrera en fin"
                    HPOS="126"
                    VPOS="1779"
                    WIDTH="1156"
                    HEIGHT="83"></String>
          </TextLine>

          
          
          <TextLine ID="eSc_line_440a8575"
                    TAGREFS="LT1422"
                    BASELINE="134 1923 828 1921 1276 1907" 
                    HPOS="126"
                    VPOS="1850"
                    WIDTH="1150"
                    HEIGHT="89">
            <Shape><Polygon POINTS="134 1923 126 1878 140 1866 140 1866 142 1866 142 1866 142 1866 144 1866 144 1866 144 1866 146 1866 221 1872 230 1864 230 1862 230 1862 232 1862 232 1862 232 1862 234 1862 234 1862 234 1862 236 1862 359 1872 359 1872 361 1872 447 1862 447 1862 449 1862 449 1862 451 1862 451 1862 451 1862 467 1870 473 1872 495 1870 574 1858 574 1858 576 1858 576 1858 578 1858 578 1858 578 1858 580 1858 592 1866 599 1872 655 1872 706 1864 769 1856 769 1856 771 1856 771 1856 771 1856 799 1862 832 1868 880 1860 911 1854 911 1854 913 1854 913 1854 913 1854 915 1854 915 1854 915 1854 917 1854 917 1854 917 1856 921 1858 929 1868 1004 1868 1018 1856 1022 1852 1022 1852 1024 1852 1024 1852 1024 1852 1026 1852 1026 1852 1028 1852 1118 1852 1118 1852 1118 1852 1120 1852 1120 1852 1120 1852 1122 1852 1122 1852 1122 1852 1138 1864 1270 1850 1276 1907 1274 1923 1172 1937 1172 1937 1170 1937 1170 1937 1081 1927 1079 1927 1077 1927 1024 1939 1024 1939 1024 1939 1022 1939 132 1937"/></Shape>
	    <String CONTENT="quelque cerueau pareil au ſien qui le pouſ¬"
                    HPOS="126"
                    VPOS="1850"
                    WIDTH="1150"
                    HEIGHT="89"></String>
          </TextLine>

          
          
          <TextLine ID="eSc_line_002fdc7c"
                    TAGREFS="LT1422"
                    BASELINE="130 2002 852 1998 1276 1982" 
                    HPOS="120"
                    VPOS="1921"
                    WIDTH="1156"
                    HEIGHT="97">
            <Shape><Polygon POINTS="130 2002 120 1953 144 1935 144 1935 146 1935 146 1935 148 1935 148 1935 148 1935 149 1935 149 1935 149 1935 151 1935 151 1935 153 1935 153 1935 153 1937 171 1953 175 1953 246 1953 248 1949 258 1941 258 1939 258 1939 260 1939 260 1939 260 1939 262 1939 262 1939 264 1939 264 1939 264 1939 305 1949 309 1949 311 1949 327 1935 327 1933 327 1933 329 1933 329 1933 331 1933 331 1933 331 1933 333 1933 469 1943 522 1947 536 1941 564 1929 564 1929 566 1929 566 1929 566 1929 568 1929 568 1929 570 1929 570 1929 570 1929 592 1939 599 1945 684 1945 757 1935 777 1933 777 1933 779 1933 779 1933 779 1933 789 1935 832 1943 844 1933 850 1927 850 1925 850 1925 852 1925 852 1925 852 1925 854 1925 854 1925 856 1925 856 1925 903 1931 982 1941 1111 1941 1128 1925 1130 1923 1130 1921 1130 1921 1132 1921 1132 1921 1132 1921 1134 1921 1134 1921 1136 1921 1272 1921 1276 1982 1276 1998 998 2014 996 2014 996 2014 903 2006 882 2004 870 2006 832 2016 830 2016 830 2016 830 2016 130 2018"/></Shape>
	    <String CONTENT="ſera: &amp; ſe fera eſtimer grand homme. Le fol"
                    HPOS="120"
                    VPOS="1921"
                    WIDTH="1156"
                    HEIGHT="97"></String>
          </TextLine>

          
          
          <TextLine ID="eSc_line_48e60c3d"
                    TAGREFS="LT1422"
                    BASELINE="132 2077 793 2077 1270 2059" 
                    HPOS="130"
                    VPOS="2000"
                    WIDTH="1140"
                    HEIGHT="108">
            <Shape><Polygon POINTS="132 2077 130 2022 388 2027 408 2018 412 2014 414 2014 414 2014 414 2014 416 2014 416 2014 418 2014 418 2014 447 2018 521 2026 538 2016 546 2010 548 2010 548 2010 550 2010 550 2010 550 2010 601 2008 603 2008 603 2008 605 2008 605 2008 605 2008 607 2008 607 2008 615 2016 629 2026 716 2026 740 2014 744 2012 744 2012 745 2012 745 2012 745 2012 747 2012 747 2012 747 2012 757 2014 795 2022 817 2012 830 2006 830 2006 832 2006 832 2006 832 2006 834 2006 834 2006 836 2006 860 2012 897 2022 911 2012 911 2010 911 2010 911 2010 913 2010 913 2010 915 2010 915 2010 915 2010 917 2010 917 2010 917 2010 927 2012 967 2020 978 2010 986 2004 986 2004 988 2004 988 2004 988 2004 990 2004 990 2004 990 2004 992 2004 992 2004 994 2004 994 2004 994 2004 1008 2010 1028 2020 1087 2010 1128 2002 1128 2002 1130 2002 1130 2002 1130 2002 1132 2002 1154 2008 1178 2016 1195 2008 1211 2000 1211 2000 1211 2000 1213 2000 1213 2000 1215 2000 1215 2000 1266 2008 1270 2059 1270 2079 1217 2079 1215 2079 1190 2093 1190 2093 1190 2093 1188 2093 1188 2093 1186 2093 1186 2093 1081 2081 1069 2081 1051 2083 903 2100 903 2100 901 2100 901 2100 818 2089 759 2089 728 2102 728 2102 728 2102 726 2102 726 2102 724 2102 724 2102 724 2102 667 2093 582 2104 582 2104 580 2104 580 2104 580 2104 578 2104 578 2104 576 2104 576 2104 576 2102 562 2091 562 2091 560 2091 536 2100 536 2100 534 2100 534 2100 532 2100 532 2100 532 2100 530 2100 530 2100 530 2100 528 2100 517 2093 515 2091 505 2093 459 2102 459 2102 459 2102 457 2102 457 2102 457 2102 455 2102 455 2102 453 2102 453 2102 453 2100 444 2093 440 2091 436 2094 420 2106 420 2106 418 2106 418 2106 418 2106 416 2106 416 2106 416 2108 369 2108 367 2106 367 2106 365 2106 365 2106 365 2106 363 2106 345 2094 337 2091 303 2096 234 2108 234 2108 232 2108 232 2108 232 2108 230 2108 230 2108 203 2098 193 2094 132 2098"/></Shape>
	    <String CONTENT="ſe mettra entre dix mile harquebuzades, &amp;"
                    HPOS="130"
                    VPOS="2000"
                    WIDTH="1140"
                    HEIGHT="108"></String>
          </TextLine>

          
          
          <TextLine ID="eSc_line_58dabab2"
                    TAGREFS="LT1422"
                    BASELINE="1128 2142 1270 2134" 
                    HPOS="1122"
                    VPOS="2071"
                    WIDTH="148"
                    HEIGHT="100">
            <Shape><Polygon POINTS="1128 2142 1122 2093 1182 2091 1188 2083 1199 2073 1199 2071 1199 2071 1201 2071 1201 2071 1201 2071 1203 2071 1203 2071 1205 2071 1265 2073 1270 2134 1270 2162 1128 2171"/></Shape>
	    <String CONTENT="poſſib"
                    HPOS="1122"
                    VPOS="2071"
                    WIDTH="148"
                    HEIGHT="100"></String>
          </TextLine>

          
        </TextBlock>
        
        <TextBlock HPOS="1124"
                   VPOS="2083"
                   WIDTH="148"
                   HEIGHT="88"
                   ID="eSc_textblock_a39cdbac"
                   TAGREFS="BT4318">
          <Shape><Polygon POINTS="1124 2171 1124 2092 1272 2083 1272 2159"/></Shape>
          
        </TextBlock>
        

        
      </PrintSpace>
    </Page>
  </Layout>
</alto>
