1327 2354
31 62 1142 96 poſſible en eſchapera: il ſera eſtimé, loué,

29 133 1144 98 prisé, ſuiui d’un chacun. Il dreſſera quelque

23 207 1148 95 entrepriſe eſceruelee, de laquelle s’il retour¬

27 292 1146 84 ne, il ſera mis iuſques au ciel. Et trouuerez

31 366 1140 94 vray, en ſomme, que pour un homme ſage,

23 445 1156 84 dont on parlera au monde, y en aura dix mi¬

21 519 1156 91 le fols qui ſeront à la vogue du peuple. Ne

29 596 1156 82 vous ſufit il de ceci? aſſembleráy ie les maus

31 672 1148 87 qui ſeroient au monde ſans Folie, & les com

31 761 1154 76 moditez qui prouiennẽt d’elle? Que dureroit

29 827 1156 85 meſme le monde, ſi elle n’empeſchoit q̃ lon

31 906 1150 80 ne preuit les facheries & hazars qui ſont en

31 982 1144 87 mariage? Elle empeſche q̃ lon ne les voye &

25 1059 1150 90 les cache: à fin que le monde ſe peuple touſ¬

23 1137 1152 77 iours à la maniere acoutumee. Combien du¬

25 1216 1150 82 reroient peu aucuns mariages, ſi la ſottiſe des

27 1290 1146 81 hommes ou des femmes laiſſoit voir les vi¬

29 1365 1144 94 ces qui y ſont? Qui uſt trauersé les mers,

25 1441 1152 94 ſans auoir Folie pour guide? ſe commettre

27 1520 1152 92 à la miſericorde des vents, des vagues, des

25 1596 1150 85 bancs, & rochers, perdre la terre de vuë, al¬

25 1673 1160 92 ler par voyes inconnues, trafiquer auec gens

23 1751 1150 85 barbares & inhumains, dont eſt il premiere¬

23 1828 1152 92 ment venu, que de Folie? Et toutefois par

21 1898 1156 98 là, ſont communiquees les richeſſes d’un

27 1977 1144 108 païs à autre, les ſciences, les façons de faire,

726 2075 122 106 e 5

1007 2063 160 100 & ha
