1340 2365
122 59 1160 94 & ha eſté connue la terre, les proprietez, &

114 139 1166 89 natures des herbes, pierres & animaus. Quel¬

116 214 1168 91 le folie fuſt ce d’aller ſous terre chercher le

116 295 1166 85 fer & l’or? combien de meſtiers faudroit il

116 370 1166 95 chaſſer du monde, ſi Folie en eſtoit bannie?

116 451 1166 89 la plus part des hommes mourroiẽt de faim:

116 528 1164 88 Dequoy viuroient tant d’Auocats, Procu¬

118 605 1160 88 reurs, Greffiers, Sergens, Iuges, Meneſtriers,

118 677 1166 87 Farſeurs, Parfumeurs, Brodeurs, & dix mile

118 768 1166 87 autres meſtiers? Et pource qu’Amour s’eſt

124 837 1160 93 voulu munir, tant qu’il ha pù, de la faueur

120 920 1166 85 d’un chacun, pour faire trouuer mauuais que

128 993 1154 96 par moy ſeule il ait reçu quelque infortune,

118 1076 1168 88 c’et bien raiſon qu’apres auoir ouy toutes ſes

124 1148 1160 81 vanteries, ie lui conte à la verité de mon

116 1225 1164 89 fait. Le plaiſir, qui prouient d’Amour, con¬

116 1302 1164 95 ſiſte quelquefois ou en une ſeule perſonne,

122 1381 1156 83 ou bien, pour le plus, en deus, qui ſont, l’a¬

120 1456 1160 91 mant & l’amie. Mais le plaiſir que Folie don¬

118 1533 1162 96 ne, n’a ſi petites bornes. D’un meſme paſſe¬

124 1621 1156 85 tems elle fera rire une grande compagnie.

120 1687 1164 88 Autrefois elle fera rire un homme ſeul de

128 1765 1156 87 quelque penſee, qui ſera venue donner à la

124 1842 1160 95 trauerſe. Le plaiſir que donne Amour, eſt

128 1919 1152 87 caché & ſecret: celui de Folie ſe commu¬

128 2006 1154 98 nique à tout le monde. Il eſt ſi recreatif, que

1225 2075 47 100 le
