1321 2348
21 46 1174 112 le ſeul nom eſgaie une perſonne. Qui verra

29 131 1162 95 un homme enfariné auec une boſſe derriere

27 205 1164 102 entrer en ſalle, ayant une contenance de fol,

31 279 1162 108 ne rira il incontinent? Que lon nomme

33 360 1160 103 quelque fol inſigne, vous verrez qu’à ce nom

33 436 1158 100 quelcun ſe reſiouira, & ne pourra tenir le ri¬

29 514 1164 98 re. Tous autres actes de Folie ſont tels, que

33 596 1160 96 lon ne peut en parler ſans ſentir au cœur

37 671 1160 97 quelque allegreſſe, qui desfache un homme

33 745 1160 100 & le prouoque à rire. Au contraire, les cho¬

35 823 1164 100 ſes ſages & bien compoſees, nous tiennent

43 903 1156 94 premierement en admiracion: puis nous ſou

35 984 1164 84 lent & ennuient. Et ne nous feront tant de

39 1054 1158 86 bien, quelques grandes que ſoient & ceri¬

33 1132 1164 83 monieuſes, les aſſemblees des grans Signeurs

33 1213 1164 92 & ſages, que fera quelque folatre compagnie

37 1289 1160 88 de ieunes gens deliberez, & qui n’auront en¬

37 1367 1160 84 ſemble nul reſpet & conſideracion. Seule¬

43 1440 1152 84 ment icelle voir, reſueille les eſprits de l’ame,

39 1514 1162 94 & les rend plus diſpos à faire leurs naturelles

43 1588 1156 98 operacions: Ou, quand on ſort de ces ſages

41 1670 1158 83 aſſemblees, la teſte fait mal: on eſt las tant

39 1745 1164 98 d’eſprit que de corps, encore que lon ne ſoit

35 1817 1166 102 bougé de ſus une ſellette. Toutefois, ne faut

41 1899 1160 85 eſtimer que les actes de Folie ſoient touſiours

37 1976 1162 109 ainſi legers comme le ſaut des Bergers, qu’ils

1052 2062 145 94 font
