1340 2365
120 53 1168 94 font pour l'amour de leurs amies: ny auſſi de¬

116 130 1174 92 liberez comme les petites gayetez des Sati¬

120 201 1170 100 res: ou comme les petites ruſes que font les

122 281 1172 89 Paſtourelles, quand elles font tomber ceus

126 356 1166 99 qui paſſent deuant elles, leur donnant par

124 439 1166 93 derriere la iambette, ou leur chatouillant leur

122 512 1168 91 ſommeil auec quelque branche de cheſne.

126 591 1168 94 Elle en ha, qui ſont plus ſeueres, faits auec

134 672 1152 94 grande premeditacion, auec grand artifice,

126 750 1164 91 & par les eſprits plus ingenieus. Telles ſont

124 827 1166 93 les Tragedies que les garçons des vilages

134 922 1154 73 premierement inuenterent: puis furent auec

132 983 1158 83 plus heureus ſoin aportees es viles. Les

124 1058 1164 87 Comedies ont de là pris leur ſource. La ſalta¬

124 1139 1162 90 cion n’a ù autre origine: qui eſt une repre¬

128 1212 1158 90 ſentacion faite ſi au vif de pluſieurs & diuer¬

124 1300 1166 83 ſes hiſtoires, que celui, qui n’oit la voix des

126 1371 1166 93 chantres, qui acompagnent les mines du

126 1444 1162 95 ioueur, entent toutefois non ſeulement l'hi¬

124 1519 1166 97 ſtoire, mais les paſſions & mouuemens: &

134 1600 1152 100 penſe entendre les paroles qui ſont conue¬

126 1683 1164 86 nables & propres en tels actes: &, comme

124 1754 1164 96 diſoit quelcun, leurs piez & mains parlans.

128 1830 1156 93 Les Bouffons qui courent le monde, en tien¬

130 1911 1158 97 nent quelque choſe. Qui me pourra dire,

126 1986 1164 112 s’il y ha choſe plus fole, que les anciennes

1144 2049 146 103 fables
