1321 2348
205 17 301 49 DE FOLIE

31 54 1154 106 fables contenues es Tragedies, Comedies, &

33 135 1149 105 Saltacions? Et comment ſe peuuent exem¬

39 209 1146 107 pter d’eſtre nommez fols, ceus qui les repre¬

33 283 1152 112 ſentent, ayans pris, & prenans tant de pei¬

33 358 1160 109 nes à ſe faire ſembler autres qu’ils ne ſont? Eſt

35 442 1158 101 il beſoin reciter les autres paſſetems, qu’a

31 514 1162 106 inuentez Folie pour garder les hommes de

29 590 1162 102 languir en oiſiueté? N’a elle fait faire les

31 667 1156 109 ſomptueus Palais, Theatres, & Amphithea¬

37 749 1152 104 tres de magnificence incroyable, pour laiſ¬

41 821 1148 98 ſer témoignage de quelle ſorte de folie cha¬

43 900 1148 99 cun en ſon tems s’esbatoit? N’a elle eſté in¬

39 978 1152 94 uentrice des Gladiateurs, Luiteurs, & Athle¬

39 1056 1154 92 tes? N’a elle donné la hardieſſe & dexterité

39 1138 1150 96 telle à l’homme, que d’oſer, & pouuoir com¬

39 1219 1152 82 batre ſans armes un Lion, ſans autre neceſſi¬

41 1295 1154 82 té ou atente, que pour eſtre en la grace &

39 1367 1150 88 faueur du peuple? Tant y en ha qui aſſail¬

41 1449 1152 86 lent les Taureaus, Sangliers, & autres beſtes,

46 1528 1149 86 pour auoir l’honneur de paſſer les autres en

39 1600 1152 92 folie: qui eſt un combat, qui dure non ſeu¬

39 1682 1156 82 lement entre ceus qui viuent de meſme

41 1757 1150 86 tems, mais des ſucceſſeurs auec leurs prede¬

43 1827 1150 94 ceſſeurs. N’eſtoit ce un plaiſant cõbat d’An¬

43 1903 1156 100 toine auec Cleopatra, à qui dépendroit le

48 1982 1153 115 plus en un feſtin? Et tout celà ſeroit peu, ſi

1111 2081 90 67 les
