1340 2365
570 9 337 52 DEBAT

136 57 1169 98 les hommes ne trouuans en ce monde plus

132 130 1168 96 fols qu’eus, ne dreſſoient querelle contre les

132 208 1166 105 morts. Ceſar ſe fachoit qu’il n’auoit encore

134 289 1158 103 commencé à troubler le monde en l’aage,

136 368 1160 95 qu’Alexandre le grand en auoit vaincu une

138 441 1156 104 grande partie. Combien Luculle & autres,

128 522 1168 94 ont ils laiſsé d’imitateurs, qui ont taché à les

136 597 1164 104 paſſer, ſoit à traiter les hommes en grand

130 677 1164 105 apareil, à amonceler les plaines, aplanir les

124 756 1170 99 montaignes, ſeicher les lacs, mettre ponts ſur

128 837 1170 95 les mers (comme Claude Empereur) faire

132 910 1158 97 Coloſſes de bronze & pierre, arcs trionfans,

130 987 1166 96 Pyramides? Et de cette magnifique folie en

128 1068 1164 94 demeure un long tems grand plaiſir entre

132 1145 1158 88 les hommes, qui ſe deſtournent de leur che¬

128 1229 1162 87 min, font voyages expres, pour auoir le con¬

126 1300 1162 87 tentement de ces vieilles folies. En ſomme,

130 1379 1162 83 ſans cette bonne Dame l’homme ſeicheroit

128 1456 1160 91 & ſeroit lourd, malplaiſant & ſongeart. Mais

130 1535 1158 83 Folie lui eſueille l’eſprit, fait chanter, danſer,

120 1610 1164 88 ſauter, habiller en mile façons nouuelles, leſ¬

132 1696 1156 83 quelles changent de demi an en demi an,

126 1773 1160 85 auec touſiours quelque aparence de raiſon,

118 1844 1168 95 & pour quelque commodité. Si lon inuente

130 1925 1154 85 un habit ioint & rond, on dit qu’il eſt plus

128 2002 1152 106 ſeant & propre: quand il eſt ample & lar¬

1205 2098 71 75 ge,
