1316 2348
182 1 801 57 DE FOLIE ET D'AMOVR.

41 66 1128 92 ge, plus honneſte. Et pour ces petites folies,

31 140 1144 88 & inuencions, qui ſont tant en habillemens

31 217 1142 92 qu’en contenances & façons de faire, l’hom¬

33 297 1143 86 me en eſt mieus venu, & plus agreable aus

33 371 1138 86 Dames. Et comme i’ay dit des hommes,

33 451 1140 85 il y aura grand’ diference entre le recueil

37 526 1138 90 que trouuera un fol, & un ſage. Le ſage ſera

23 604 1148 86 laiſsé ſur les liures, ou auec quelques ancien¬

35 680 1136 85 nes matrones à deuiſer de la diſſolucion des

29 755 1138 88 habits, des maladies qui courent, ou à de¬

31 833 1140 92 meſler quelque longue genealogie. Les ieu¬

31 909 1140 88 nes Dames ne ceſſerõt qu’elles n’ayẽt en leur

31 990 1136 90 compagnie ce gay & ioly cerueau. Et com¬

31 1060 1136 94 bien qu’il en pouſſe l’une, pinſe l’autre,

23 1138 1144 82 deſcoiffe, leue la cotte, & leur face mile maus:

23 1215 1146 95 ſi le chercheront elles touſiours. Et quand

25 1289 1144 96 ce viendra à faire comparaiſon des deus, le

29 1365 1142 92 ſage ſera loué d’elles, mais le fol iouira du

25 1442 1140 99 fruit de leurs priuautez. Vous verrez les Sa¬

37 1524 1130 98 ges meſmes, encore qu’il ſoit dit que lon

23 1594 1136 96 cherche ſon ſemblable, tomber de ce coté.

33 1669 1128 111 Quand ils feront quelq̃ aſſemblee, touſiours

21 1745 1136 109 donneront charge que les plus fols y ſoient,

19 1827 1136 110 n’eſtimant pouuoir eſtre bonne compagnie,

23 1897 1132 114 s’il n’y ha quelque fol pour reſueiller les au¬

19 1976 1136 133 tres. Et combien qu’ils s'excuſent ſur les fem¬

1028 2072 131 101 mes
