1319 2365
670 -1 258 60 EBAT

143 61 1140 92 mes & ieunes gens, ſi ne peuuent ils diſſimu¬

139 139 1132 93 ler le plaiſir qu’ils y prennent, s’adreſſans

141 216 1128 87 touſiours à eus, & leur faiſant viſage plus

143 297 1122 85 riant, qu’aus autres. Que te ſemble de Fo¬

141 374 1126 91 lie, Iupiter? Eſt elle telle, qu’il la faille enſe¬

149 455 1112 81 uelir ſous le mont Gibel, ou expoſer au lieu

145 532 1120 84 de Promethee, ſur le mont de Caucaſe? Eſt

143 608 1124 83 il raiſonnable la priuer de toutes bonnes

145 689 1118 89 compagnies, ou Amour ſachant qu'elle ſera,

149 764 1118 91 pour la ſacher y viendra, & conuiendra que

151 841 1112 91 Folie, qui n’eſt rien moins qu’Amour, lui

151 918 1112 95 quitte la place? S’il ne veut eſtre auec Folie,

153 993 1118 88 qu’il ſe garde de s’y trouuer. Mais que cette

151 1072 1116 96 peine, de ne s’aſſembler point, tombe ſur el¬

145 1152 1122 93 le, ce n’eſt raiſon. Quel propos y auroit il,

145 1227 1126 99 qu'elle uſt rendu une compagnie gaie & de¬

149 1300 1122 95 liberee, & que ſur ce bon point la falluſt deſ¬

141 1379 1132 99 loger? Encore s’il demandoit que le premier

151 1458 1124 100 qui auroit pris la place, ne fuſt empeſché par

151 1537 1126 94 l’autre, & q̃ ce fuſt au premier venu, il y auroit

153 1620 1124 90 quelque raiſon. Mais ie lui montreray que

151 1689 1126 90 iamais Amour ne fut ſans la fille de leuneſſe,

153 1765 1126 93 & ne peut eſtre autrement: & le grand dom¬

149 1842 1132 99 mage d’Amour, s’il auoit ce qu’il demande.

157 1919 1128 107 Mais c’eſt une petite colcre, qui lui ronge le

157 1998 1124 116 cerueau, qui lui fait auoir ces eſtranges afec¬

1153 2065 130 91 cions.
