1302 2351
227 1 447 53 DE FOLIE ET

52 56 1167 88 cions: leſquelles ceſſeront quand il ſera un

58 133 1157 96 peu refroidi. Et pour commencer à la belle

54 209 1157 96 premiere naiſſance d’Amour, qui ha il plus

52 291 1161 89 deſpouruu de ſens, que la perſonne à la

49 368 1154 88 moindre ocaſion du mõde viẽne en Amour,

47 450 1156 80 en receuant une pomme comme Cydipee?

49 523 1158 90 en liſanr un liure, comme la Dame Franciſ¬

43 603 1162 90 que de Rimini? en voyant, en paſſant, ſe

47 679 1153 79 rende ſi tot ſerue & eſclaue, & conçoiue eſ¬

52 758 1149 88 perance de quelque grand bien ſans ſauoir

47 834 1154 86 s’il en y ha? Dire que c’eſt la force de l’œil

43 912 1149 85 de la choſe aymee, & que de là ſort une ſu¬

43 1001 1151 78 tile euaporacion, ou ſang, que nos yeus re¬

43 1069 1149 86 çoiuent, & entre iuſques au cœur: ou, com¬

35 1144 1157 90 me pour loger un nouuel hoſte, faut pour

33 1222 1155 82 lui trouuer ſa place, mettre tout en deſordre.

39 1293 1149 99 le ſay que chacun le dit: mais s’il eſt vray,

31 1373 1159 88 i’en doute. Car pluſieurs ont aymé ſans auoir

37 1447 1151 90 ù cette ocaſion, comme le ieune Gnidien,

33 1526 1161 102 qui ayma l’euure fait par Praxitelle. Quelle

33 1606 1153 82 influxion pouuoit il receuoir d’un œil mar¬

37 1673 1157 109 brin? Quelle ſympathie y auoit il de ſon

33 1763 1157 90 naturel chaud & ardent par trop, auec une

31 1829 1163 110 froide & morte pierre? Qu’eſt ce donq qui

29 1914 1163 101 l'enflammoit? Folie, qui eſtoit logee en ſon

31 1984 1163 118 eſprit. Tel feu eſtoit celui de Narciſſe. Son

909 2076 22 106 f

1090 2078 110 94 œil
