1319 2365
98 51 1165 102 œil ne receuoit pas le pur ſang & ſutil de

98 137 1165 91 ſon cœur meſme: mais la fole imaginacion

104 212 1157 95 du beau pourtrait, qu’il voyoit en la fontei¬

102 295 1161 97 ne, le tourmentoit. Exprimez tant que vou¬

102 366 1167 91 drez la force d’un œil: faites le tirer mile

106 449 1161 96 traits par iour : n’oubliez qu’une ligne qui

112 526 1157 102 paſſe par le milieu, iointe auec le ſourcil, eſt

112 605 1157 100 un vray arc: que ce petit humide, que lon

114 679 1153 103 voit luire au milieu, eſt le trait preſt à partir: ſi

112 764 1155 91 eſt ce que toutes ces fleſches n’iront en au¬

108 839 1157 103 tres cœurs, que ceus que Folie aura prepa¬

110 916 1163 104 rez. Que tant de grans perſonnages, qui ont

112 991 1163 98 eſté & ſont de preſent, ne s’eſtiment eſtre

114 1074 1157 96 iniuriez, ſi pour auoir aymé ie les nomme

108 1145 1163 108 fols. Qu’ils ſe prennent à leurs Filozofes,

118 1225 1149 107 qui ont eſtimé Folie eſtre priuacion de ſageſ¬

114 1300 1161 101 ſe, & ſageſſe eſtre ſans paſſions: deſquelles

116 1385 1157 95 Amour ne ſera non plus tot deſtitué, que la

116 1462 1159 96 Mer d’ondes & vagues: vray eſt, qu’aucuns

112 1531 1165 106 diſſimulẽt mieus leur paſſion: & s’ils s’en trou

118 1614 1159 102 uent mal, c’eſt une autre eſpece de Folie.

116 1690 1159 107 Mais ceus qui montrent leurs afeccions

114 1765 1165 113 eſtans plus grandes que les ſecrets de leurs

110 1848 1167 107 poitrines, vous rendront & exprimeront

114 1921 1163 108 une ſi viue image de Folie, qu’Apelle ne la

106 1998 1169 128 ſauroit mieus tirer au vif. Ie vous prie ima¬

1147 2079 128 100 giner
