1302 2346
205 -3 797 87 DE FOLIE ET D'AMOVR.

1188 29 57 82 83

52 82 1140 103 giner un ieune homme, n’ayant grand afai¬

43 168 1145 97 re, qu'à ſe faire aymer: pigné, miré, tiré, par¬

37 240 1151 102 fumé: ſe penſant valoir quelque choſe, ſor¬

43 316 1141 96 tir de ſa maiſon le cerueau embrouillé de

39 392 1143 104 mile conſideracions amoureuſes: ayant diſ¬

39 473 1141 97 couru mile bons heurs, qui paſſeront bien

41 547 1139 107 loin des cotes: ſuiui de pages & laquais ha¬

39 621 1137 108 billez de quelque liuree repreſentant quel¬

43 709 1133 98 que trauail, fermeté, & eſperance: & en

33 780 1137 107 cette ſorte viendra trouuer ſa Dame à l’Egli¬

31 856 1137 113 ſe: autre plaiſir n’aura qu’à geter force œil¬

33 932 1133 113 lades, & faire quelque reuerence en paſſant.

31 1008 1139 120 Et que ſert ce ſeul regard? Que ne va il en

29 1096 1141 110 maſque pour plus librement parler? Là ſe

29 1161 1139 119 fait quelque habitude, mais auec ſi peu de

29 1241 1141 109 demontrance du coté de la Dame, que rien

29 1317 1132 119 moins. A la longue il vient quelque priuau¬

29 1391 1128 124 té: mais il ne faut encore rien entreprendre,

29 1472 1130 115 qu’il n’y ait plus de familiarité. Car lors on

23 1548 1134 119 n’oſe refuſer d’ouir tous les propos des hom¬

25 1628 1136 113 mes, ſoient bons ou mauuais. On ne creint

25 1708 1130 116 ce que lon ha acoutumé voir. On prent plai¬

23 1781 1126 121 ſir à diſputer les demandes des pourſuiuans.

25 1853 1126 121 Il leur ſemble que la place qui parlemente,

23 1929 1130 125 eſt demi gaignee. Mais s’il auient, que, com¬

19 2009 1140 135 me les femmes prennent volontiers plaiſir à

753 2123 116 78 f 2

1029 2132 128 94 voir
