1319 2365
528 -1 355 85 DEBAT

41 5 93 115 84

90 80 1161 107 voir debatre les hommes, elles leur ferment

90 157 1159 107 quelquefois rudement la porte, & ne les

94 244 1154 106 apellent à leurs petites priuautez, com¬

96 321 1157 106 me elles ſouloient, voilà mon homme auſſi

98 402 1155 98 loin de ſon but comme n’a gueres s’en pen¬

96 474 1161 115 ſoit pres. Ce ſera à recommencer. Il fau¬

100 551 1159 115 dra trouuer le moyen de ſe faire prier d’a¬

110 634 1151 110 compagner ſa Dame en quelque Egliſe, aus

112 709 1155 112 ieus, & autres aſſemblees publiques. Et ce

120 788 1143 118 pendant expliquer ſes paſſions par ſoupirs

112 869 1155 100 & paroles tremblantes: redire cent fois une

112 942 1155 116 meſme choſe: proteſter, iurer, promettre à

120 1028 1143 103 celle qui poſſible ne s’en ſoucie, & eſt tour¬

120 1101 1147 105 nee ailleurs & promiſe. Il me ſemble que

116 1174 1155 114 ſeroit folie parler des ſottes & plaiſantes

122 1253 1151 116 Amours vilageoiſes: marcher ſur le bout du

130 1328 1147 122 pié, ſerrer le petit doit: apres que lon ha

128 1407 1151 114 bien bu, eſcrire ſur le bout de la table auec

130 1484 1151 116 du vin, & entrelaſſer ſon nom & celui de

134 1564 1149 123 s’amie: la mener premiere à la danſe, & la

138 1647 1141 105 tourmenter tout un iour au Soleil. Et enco¬

134 1732 1147 102 re ceus, qui par longues alliances, ou par en¬

138 1805 1147 112 trees ont pratiqué le moyen de voir leur

145 1876 1138 112 amie en leur maiſon, ou de leur voiſin, ne

145 1955 1140 116 viennent en ſi eſtrange folie, que ceus qui

147 2033 1140 134 n’ont faueur d’elles qu’aus lieus publiques

1143 2094 146 140 & feſt
