1328 2346
238 -3 816 92 DE FOLIE ET D'AMOVR.

1226 31 62 94 85

70 89 1164 98 & feſtins: qui de cent ſoupirs n’en peuuent

68 168 1158 93 faire connoitre plus d’un ou deus le mois:

64 244 1166 96 & neanmoins penſent que leurs amies les

68 322 1156 100 doiuent tous conter. Il faut auoir touſiours

72 400 1146 104 pages aus eſcoutes, ſauoir qui va, qui vient,

62 477 1154 97 corrompre des chambrieres à beaus deniers,

66 555 1152 103 perdre tout un iour pour voir paſſer Mada¬

60 633 1150 98 me par la rue, & pour toute remuneracion,

58 711 1154 102 auoir un petit adieu auec quelque ſouzris,

54 787 1154 100 qui le fera retourner chez ſoy plus content,

48 862 1158 109 que quand Vlyſſe vid la fumee de ſon Itaque.

50 938 1154 100 Il vole de ioye: il embraſſe l’un, puis l’autre:

46 1018 1160 106 chante vers: compoſe, fait s’amie la plus

50 1102 1150 102 belle qui ſoit au monde, combien que poſ¬

44 1167 1156 111 ſible ſoit laide. Et ſi de fortune ſuruient quel¬

50 1251 1146 109 que ialouſie, comme il auient le plus ſou¬

43 1331 1153 103 uent, on ne rit, on ne chante plus: on de¬

43 1405 1153 106 uient penſif & morne: on connoit ſes vices

39 1481 1159 112 & fautes: on admire celui que lon penſe

41 1565 1152 104 eſtre aymé: on parangonne ſa beauté, gra¬

39 1642 1152 101 ce, richeſſe, auec celui duquel on eſt ialous:

43 1710 1150 115 puis ſoudein on le vient à deſpriſer: qu’il

31 1786 1158 116 n’eſt poſſible, eſtant de ſi mauuaiſe grace,

35 1863 1156 121 qu’il ſoit aymé: qu’il eſt impoſſible qu’il face

33 1949 1152 107 tant ſon deuoir que nous, qui languiſſons,

29 2019 1162 129 mourons, brulons d’Amour. On ſe pleint, on

1005 2130 186 110 apelle

731 2127 111 91 f 3
