1319 2365
61 3 78 115 86

508 -5 367 99 DEBAT

98 92 1163 101 apelle s’amie cruelle, variable: lon ſe la¬

102 177 1159 91 mente de ſon malheur & deſtinee. Elle n’en

102 254 1165 90 fait que rire, ou lui fait acroire qu’à tort il ſe

108 337 1161 92 pleint: on trouue mauuaiſes ſes querelles,

110 413 1155 101 qui ne viennent que d’un cœur ſoupſon¬

108 490 1163 93 neus & ialous: & qu’il eſt bien loin de ſon

110 567 1161 99 conte: & qu’autant lui eſt de l’un que de

114 646 1161 95 l’autre. Et lors ie vous laiſſe penſer qui ha du

114 727 1161 94 meilleur. Lors il faut connoitre que lon ha

110 804 1163 100 failli par bien ſeruir, par maſques magnifi¬

120 877 1151 106 ques, par deuiſes bien inuentees, feſtins, ban¬

124 955 1151 101 quets. Si la commodité ſe trouue, faut ſe fai¬

120 1034 1157 101 re paroitre par deſſus celui dont on eſt ia¬

128 1111 1151 97 lous. Il faut ſe montrer liberal: faire preſent

126 1188 1157 110 quelquefois de plus que lon n’a: incontinent

134 1273 1151 102 qu’on s’aperçoit que lon ſouhaite quelque

128 1353 1155 87 choſe, l’enuoyer tout ſoudein, encores qu’on

130 1426 1157 93 n’en ſoit requis: & iamais ne confeſſer que

134 1503 1155 99 lon ſoit poure. Car c’eſt une treſmauuaiſe

132 1584 1161 103 compagne d’Amour, que Poureté: laquelle

132 1659 1161 93 eſtant ſuruenue, on connoit ſa folie, & lon

138 1736 1157 100 s’en retire à tard. Ie croy que ne voudriez

136 1815 1157 102 point reſſembler encore à cet Amoureus,

141 1895 1152 103 qui n’en ha que le nom. Mais prenons le cas

138 1976 1147 103 que lon lui rie, qu’il y ait quelque recipro¬

138 2053 1147 110 que amitié, qu’il ſoit prié ſe trouuer en quel¬

1198 2134 95 95 que
