1328 2356
237 -5 808 81 DE FOLIE ET D'AMOVR.

1219 29 59 84 87

80 70 1161 110 que lieu : il penſe incontinent qu’il ſoit fait,

74 157 1167 104 qu'il receura quelque bien, dont il eſt bien

70 233 1169 96 loin: vne heure en dure cent: on demande

70 306 1165 98 plus de fois quelle heure il eſt: on fait ſemblãt

64 386 1163 102 d’eſtre demandé: & quelque mine que lon

66 463 1163 108 face, on lit au viſage qu’il y ha quelque paſ¬

60 539 1163 103 ſion vehemente. Et quand on aura bien cou¬

58 622 1165 100 ru, on trouuera que ce n’eſt rien, & que

58 695 1159 106 c'eſtoit pour aller en compagnie ſe prome¬

58 773 1159 108 ner ſur l’eau, ou en quelque iardin : ou auſſi

58 850 1158 102 tot un autre aura faueur de parler à elle que

51 936 1163 96 lui, qui ha eſté conuié. Encore ha il ocaſion

51 1003 1159 104 de ſe contenter, à ſon auis. Car ſi elle n’uſt

56 1077 1156 112 plaiſir de le voir, elle ne l’uſt demandé en ſa

53 1158 1151 110 compagnie. Les plus grandes & hazardeu¬

47 1234 1159 101 ſes folies ſuinent touſiours l’acroiſſement

45 1315 1157 106 d’Amour. Celle qui ne penſoit qu’à ſe iouer

43 1386 1159 108 au commencement, ſe trouue priſe. Elle ſe

37 1468 1161 112 laiſſe viſiter à heure ſuſpecte. En quels dan¬

51 1551 1149 106 gers? D’y aller acompagné, ſeroit declarer

39 1621 1163 102 tout. Y aller ſeul, eſt hazardeus. Ie laiſſe les

37 1704 1163 104 ordures & infeccions, dont quelquefois on

37 1776 1163 114 eſt parfumé. Quelquefois ſe faut deſguiſer

35 1857 1169 108 en portefaix, en cordelier, en femme: ſe faire

41 1935 1157 108 porter dens un coffre à la merci d’un gros

41 2006 1161 122 vilain, que s’il ſauoit ce qu’il porte, le lairroit

687 2104 122 96 f 4

970 2120 226 69 tomber
