1319 2365
510 17 357 51 DEBAT

82 63 1173 108 tomber pour auoir ſondé ſon fol faix. Quel¬

88 132 1173 116 quefois ont eſté ſurpris, batuz, outragez, &

88 228 1173 95 ne s’en oſe lon vanter. Il ſe faut guinder par

86 307 1181 97 feneſtres, par ſus murailles, & touſiours en

90 384 1175 100 danger, ſi Folie n’y tenoit la main. Encore

94 465 1177 86 ceus cy ne ſont que des mieus payez. Il y en

98 541 1167 99 ha qui rencontrent Dames cruelles, deſquel¬

100 622 1169 95 les iamais on n’obtient merci. Autres ſont ſi

102 699 1165 93 ruſees, qu’apres les auoir menez iuſques au¬

106 774 1167 106 pres du but, les laiſſent là. Que font ils? apres

104 853 1173 98 auoir longuement ſoupiré, ploré & crié, les

108 930 1165 102 uns ſe rendent Moynes: les autres abandon¬

108 1013 1175 94 nent le païs: les autres ſe laiſſent mourir. Et

114 1091 1161 99 penſeriez vous, que les amours des femmes

106 1166 1171 101 ſoient de beaucoup plus ſages? les plus froi¬

108 1247 1171 95 des ſe laiſſent bruler dedens le corps auant

112 1326 1167 89 que de rien auouer. Et combien qu’elles vou¬

106 1399 1175 92 ſiſſent prier, ſi elles oſoient, elles ſe laiſſent

114 1480 1163 94 adorer: & touſiours refuſent ce qu’elles vou¬

112 1558 1165 101 droient bien que lon leur otaſt par force.

114 1635 1165 97 Les autres n’atendent que l’ocaſion: & heu¬

110 1716 1173 93 reus qui la peut rencontrer: Il ne faut auoir

112 1797 1173 91 creinte d’eſtre eſconduit. Les mieus nees ne

114 1870 1165 90 ſe laiſſent veincre, que par le tems. Et ſe con¬

110 1951 1169 86 noiſſant eſtre aymees, & endurant en fin le

108 2026 1169 116 ſemblable mal qu’elles ont fait endurer à au¬

1157 2096 116 105 trui,
