1328 2356
194 -3 367 63 DE FOLIE

35 62 1137 102 trui, ayant fiance de celui auquel elles ſe deſ¬

35 143 1133 98 couurent, auouent leur foibleſſe, confeſſent

37 221 1133 97 le feu qui les brule: toutefois encore un peu

31 302 1133 88 de honte les retient, & ne ſe laiſſent aller,

31 376 1137 101 que vaincues, & conſumees à demi. Et auſſi

31 457 1135 90 quand elles ſont entrees une fois auant, elles

29 534 1137 96 font de beaus tours. Plus elles ont reſiſté à

29 610 1133 94 Amour, & plus s’en treuuent priſes. Elles fer¬

33 687 1124 96 mẽt la porte à raiſon. Tout ce qu’elles crein¬

29 765 1132 96 gnoient, ne le doutent plus. Elles laiſſent

29 842 1124 100 leurs ocupacions muliebres. Au lieu de filer,

29 918 1130 99 coudre, beſongner au point, leur eſtude eſt

25 997 1132 96 ſe bien parer, promener es Egliſes, feſtes, &

25 1077 1126 95 banquets pour auoir touſiours quelque ren¬

27 1154 1128 96 contre de ce qu’elles ayment. Elles prennent

25 1229 1124 100 la plume & le lut en main: eſcriuent & chan¬

25 1309 1128 96 tent leurs paſſions: & en fin croit tant cette

13 1386 1136 104 rage, qu’elles abandonnẽt quelqueſois pere,

15 1464 1142 98 mere, maris, enfans, & ſe retirent ou eſt leur

15 1535 1144 112 cœur. Il n’y ha rien qui plus ſe fache d’eſtre

19 1617 1140 102 contreint, qu’une femme: & qui plus ſe con

17 1694 1138 104 treingne, ou elle ha enuie montrer ſon afec¬

15 1770 1132 104 cion. le voy ſouuentefois une femme, laquel¬

15 1843 1136 110 Ie n’a trouué la ſolitude & priſon d’enuiron

9 1926 1142 108 lept ans longue, eſtant auec la perſonne

17 2008 1132 116 qu'elle aymoit. Et combien que nature ne

777 2104 112 128 f 5

1047 2100 100 95 lui
