1563 2341
573 124 886 92 loannes Kierherus Lazaro Schurerio Salutem.

521 206 1024 117 Iacobus Vuinphelingus amator ſtudioſorum adoleſcẽ

476 259 1067 107 tũ, ad uirtutes ĩducere, & a uitijs eos abſtrahere, ſcriptis &

472 312 1069 101 ore ſemper conatus eſt. Sed ob id odiũ contraxit multoꝵ

468 355 1077 107 & inſidias, us adeo, ut etiam in ſacra æde de uitæ pericu

462 401 1081 112 lo fuerit metuendũ. Quapropter ſeſe excuſaturus, confugit

466 452 1075 111 ad Sũmum Pontificẽ Leonem modernũ pientiſſimũ at

464 503 1075 103 doctiſsimum. cuius ſanctitudini, ſuam piam affectionẽ de

462 550 1081 107 clarat, ut eius pręſidio ab ęmulis & impoſtoribus ſecurita

460 604 1081 98 tem adquirat. Hoc tu carmen digneris mi Lazare cõmuni

456 645 1083 109 care, nedũ ſodalitati literarię urbis Argen. (cuius ipſe laco.

454 698 1085 101 fundamẽta iecit) uerũ etiam omnibus eius diſcipulis, puta

450 747 1079 111 quatuor nobilibus Sturmis, Othomaro Philomenę, Lucę

446 795 1079 102 Pathodio, Hieronymo Frentzelino, Conrado Paſſereno

446 838 1085 112 Leonardo fontano, Laurentio Duntzhemio, Georgio In

442 889 1085 109 goldo, lacobo Scheffero, loanni Dĩtzelero, & cęteris non

442 940 1027 105 ad ſcorta, ſed ad omnem honeſtatem ab ipſo inſtitutis.

448 985 1050 123 Vale ex Nemeto & Vuinphelingo ex me ſalutem dicito.
