1602 2349
82 144 1059 83 AD LEONEM DECIMVM PONTI¬

152 213 909 78 ficem Maximum contra æmulos excuſatio

377 277 457 89 Iacobi Vuinphelingi.

52 391 893 78 Maxime pontificum, terræ cœli pote ſtas,

127 460 701 78 Cui ſine diuino non data conſilio.

62 532 1013 88 Quo cernit nil maius equos ſeu phœbus ab ortu.

121 602 815 83 Seu requiem feſſos ducat in occiduam.

45 675 940 90 Fama volat tua per totam celeberrima terram,

113 745 715 73 Et ſuper æthereos it tua fama lares.

41 816 1014 92 Cuncta ſibi plaudunt quod eum ſua ſecla tulerunt,

113 892 821 86 Aurea per quem ſunt reddita ſecla ſibi.

37 965 830 76 Cuius & auſpitio ſuperis Aſtrea relictis,

97 1037 942 82 Rurſus ad humanum eſt virgo uocata genus.

35 1105 910 89 Vnde tibi merito paſſim ſoluuntur honores,

99 1180 797 82 Iure te quicquid ſpirat in orbe colit.

39 1252 1040 96 Quid quod in humanis ea quæ ſunt optima rebus,

105 1323 782 88 Te penes hæc primas obtinuiſſe patet.

31 1395 789 73 Vnde tibi tantæ vis ac iniuria curæ eſt,

97 1464 766 84 Hinc tuus hic feruet religionis amor.

25 1528 905 92 Pace nihil melius, facis omnia pace fruuntur,

86 1607 769 78 Pace tui te nunc auſpice Chriſtigenæ.

29 1673 934 96 Vt alios Chriſto repares non Marte laboras

101 1751 705 126 Sed pace, exemplo, religione, fide.
