1480 2461
199 39 66 73 10

615 32 396 74 REPOS

525 117 643 83 De ſon Amour. Sonet.

298 218 950 86 Il me ſouuient (bien ſouuenir m'en doit)

358 298 1005 91 Du iour treſſaint, que ma treſdigne Sainte,

357 384 935 83 De ſon aguille en ſon rouge ſang teinte,

358 456 833 81 Subtilement à couldre s’entendoit:

303 544 899 82 Et ce pendant que mon œil regardoit

359 624 988 84 A ſa façon d’ouurer tant belle, & cointe:

361 715 1060 79 Amour poingnoit mon cœur d'vne autre pointe,

358 788 903 76 Et à la main de ma Sainte accordoit.

300 868 1044 82 Ha (dy ie) Amour, tu me fais grand' iniure:

363 950 917 84 Ma Sainte icy tantoſt plus ne couldra,

363 1030 740 85 Et ceſſera ſa galante piquure.

300 1111 833 86 De toy enfant, iamais ne defaudra

361 1193 980 88 La tresfaſcheuſe & treſgrieue pointure,

367 1276 1026 87 Qui ſans ceſſer tout iour mon cœur poingdra.

471 1393 831 82 A la poſterité, pourquoy il cele le

630 1467 441 75 nom de ſa Sainte.

294 1570 709 87 Excuſe moy, bonne Posterité,

294 1650 771 86 Si decelé ne t’ay le nom de celle,

295 1737 792 81 Qui par vertu auoit bien merité,

294 1814 886 87 Que d’elle fuſt la memoire eternelle.

292 1899 929 87 Et que par toy fuſt rendue immortelle,

291 1978 919 96 En la chantant ſans fin apres ſa mort:

291 2060 886 93 Le temps preſent, à la vertu rebelle,

289 2145 843 109 A toy, à elle, & à moy fait ce tort.

1388 2214 44 70 De
