1524 2492
124 38 1021 87 DE PLVS GRAND TRAVAIL.

1272 2 60 130 11

196 125 711 86 De la conſtance de ſa Sainte.

40 221 824 96 Vn iour Amour à ma Sainte viſoit,

40 305 1011 92 Pour ſon froid cœur naurer comme le mien:

40 383 823 97 Ma Sainte lors de trauers l’auiſoit,

40 467 864 95 En luy diſant, Archer, ie te voy bien,

40 557 975 81 Tire hardiment ton Arc, ie ne crains rien:

41 632 945 94 De telz propos Amour eut deſplaiſance:

41 714 934 93 Et deſcocha vn trait à grand' puiſſance:

42 798 891 89 Mais frappé fut l’Archer auantureux

42 880 925 93 Du propre trait, repoulsé par constance:

42 967 981 83 Si qu'Amour fut de ma Sainte amoureux.

293 1077 335 83 A ce propos.

42 1180 938 82 Amour estant amoureux de ma Sainte,

45 1262 862 80 Meit en auant les moyens qu’il auoit,

44 1341 918 89 Humble parler, amoureuſe complainte,

45 1423 941 90 Lanſes & ſaults, & tout ce qu'il ſauoit.

47 1504 867 85 Son trauail vain, en ce faiſant il void:

45 1587 1088 95 Lors congnoiſſant ſon grand & grief martyre,

45 1672 938 87 Venant de ſoy: & que par faire ou dire,

47 1755 742 80 Rien ne venoit ſelon ſon appetit:

45 1831 928 90 Plus de cent fois deſpita, par grande ire,

45 1920 930 84 Son pouuoir grand, & ſon pouuoir petit.

217 2008 765 88 A Pierre Bouchage, dit Noble,

267 2083 626 89 ſon Pylades par alliance.

52 2176 827 104 Noble tu es de nom & de courage,

1086 2255 162 95 Noble
