1524 2492
149 45 1021 83 DE PLVS GRAND TRAVAIL.

1285 71 65 61 13

55 137 817 92 Et du plaiſir qui me remet debout:

55 221 902 89 De ma penſee es l’vn & l’autre bout:

55 303 894 90 Tu es mon mal, tu es mon parfait bien.

55 390 759 76 Concluſion, Sainte tu es mon tout:

55 469 864 94 Mais ne ſois pas ie te ſuppli mon rien.

256 591 627 85 A elle encor au temps des

414 667 300 84 Rogations.

56 783 934 85 Ie voy icy paſſer, de maints & maintes,

55 866 784 78 Vne deuote & bonne compagnie,

55 944 1082 88 Appellant Dieu, les Anges, Saints, & Saintes,

55 1024 821 90 Des bons eſprits l’aſſemblee infinie:

55 1110 869 79 Mais beaucoup plus dure ma letanie:

54 1190 842 87 Et toutesfois plus brief langage y ha:

56 1268 870 91 Car à toy, Dame, en piteuſe harmonie,

54 1356 689 90 Ie cry deuot ſans ceſſer, Αγία.

211 1491 732 78 Contre ceux qui font faire les

320 1574 479 88 mariages par force.

56 1690 875 90 O folles gens! qui par force conioindre

55 1773 1090 89 Voulez deux corps, & deux Ames enſemble,

54 1860 1145 85 Auant qu'Amour les vienne tous deux poingdre

55 1931 941 95 Du traict doré qui les Amans aſſemble:

56 2015 870 99 Si prononcer i'oſe ce que m'en ſemble,

56 2096 895 95 Ie vous diray vn mot deſſus ce poinct:

58 2180 1021 105 C'eft, que Dieu ceux enſemble ne ioint point,

1145 2274 103 89 Qui
