1475 2461
209 53 71 72 14

611 43 394 82 REPOS

314 136 991 93 Qui de ſe ioindre enſemble, n'ont courage:

307 215 1114 102 Mais quand Amour l’vn & l’autre cœur poingt,

309 303 840 89 C'eſt le parfait moyen de mariage.

532 415 677 84 Conference d’Amour & de

751 494 256 76 ſa Sainte.

302 596 1021 93 Ie penſe Amour que ma Sainte eſt ta ſœur.

303 679 844 86 Tu es petit, & baſſe eſt ſa ſtature:

303 764 976 91 Tu es Amour plein d’vne aigre douceur,

303 840 828 80 Elle ha en ſoy vne clemence dure:

303 920 987 97 Tu as des traictz qui font grieue bleſſure,

302 1002 985 91 Son œil luy ſert de fleſche forte & roide:

301 1085 945 86 Mais en vn poinct differez de Nature,

302 1167 1086 96 Tu es trop chauld, & ma Sainte eſt trop froide.

533 1259 617 82 De la vertu de ſa Sainte.

298 1352 796 86 Pour recreer vn petit ſes eſprits,

296 1435 817 81 Amour osta le voile de ſes yeux:

294 1517 899 86 Et vers Liſere, ou par luy ie fuz pris,

292 1599 1044 79 La Sainte il vid, que i’adore & ſers mieux:

292 1676 984 84 Ha malheureux (diſt il) qui en ces lieux

291 1759 914 94 Ay tant esté, ſans voir ſi digne choſe!

284 1844 1045 83 Au mont Olympe entre nous autres Dieux,

291 1925 866 84 Vne vertu tant Sainte n'eſt encloſe.

478 2012 806 78 De l’immortalité de ſon Ame &

558 2091 615 74 de ſon Amour. Sonet.

292 2176 875 88 De noz Gaulois la bonne antiquité,

1282 2247 141 80 Meſmes
