1524 2492
124 58 1028 80 DE PLVS GRAND TRAVAIL.

1295 63 53 94 15

88 146 955 93 Meſmes au temps d’Idolatrie immunde,

87 229 1040 94 Prestoit d’argent payable en l’autre monde:

88 308 694 97 Tant ſe fioit en l’immortalité.

47 400 724 87 Et moy, qui ay congnu la verité,

90 476 890 88 Si en ſemblable eſpoir ie ne me fonde:

88 557 816 90 D'estre ietté en l’abiſme profonde,

88 642 746 84 Des bas enfers, áy ie pas merité?

49 722 1057 94 Ie croy qu'il fault que du corps mon ame yſſe,

92 814 1042 78 Pour deuant toy Seigneur Dieu apparoistre,

95 891 797 91 Et qu'apres mort de vie ie iouiſſe.

52 976 980 77 Mais, pour es Cieux ma ioye faire croistre,

91 1050 763 99 Ie te ſuppli, Eternel, que ie puiſſe

90 1135 986 91 Entre tes Saints, ma Sainte recongnoistre.

261 1261 545 86 A ſa Sainte. Sonet.

55 1385 853 83 D'autant que plus à toy me ſuis voué,

99 1459 1082 99 D'autant que i’ay pour toy plus prins de peine,

94 1543 932 98 Plus de rigueur as touſiours esté pleine,

96 1626 810 82 Plus pour amy tu m'as deſaduoué.

54 1708 954 87 D'autant que plus Amour me tient noué,

98 1788 1054 89 Plus en ton cœur de iour en iour croiſt hayne:

98 1867 1043 97 Lon peult donq bien dire (ô trop inhumaine)

98 1950 784 89 Moy Coreſus, & toy Callirrhoé.

58 2032 853 91 Encor celuy en offrant pour ſa Dame

96 2111 912 99 Au Dieu, duquel tu as le nom, ſon ame,

99 2194 804 102 Eut apres mort reciproque amitié:

1163 2294 79 76 Et
