1475 2461
227 46 61 68 16

586 34 402 89 REPOS

321 132 913 92 Et ie te ſens en mon endroit tant dure:

387 213 964 101 Que, ſi cent fois pour toy la mort i'endure,

383 296 777 97 Ia ne ſeras pource eſmue à pitié.

547 434 662 95 A Monſieur de Saingelais.

309 575 800 84 Poëte ayant en tout diuine grace,

305 641 927 105 Tu as tes vers veux & reueuz aſſez:

307 736 1028 85 Fay les ſortir. quant aux neuf ans d’Horace,

305 805 975 111 Long temps y ha qu’ilz ſont deſia paſſez:

313 888 1077 110 Quand tes beaux vers, qui ſont bien compaſſez,

305 981 934 86 Aux yeux ſauans tu feras apparoistre,

302 1066 1063 83 Lon ne verra plus tant de rithmeurs croistre,

306 1142 858 92 Qui ſans raiſon eſcriuent quaſi tous:

303 1231 927 80 Et verra on, que tout ce qu'on dit estre

301 1304 950 94 Venu de toy, ne ſent pas ton traict doux.

576 1454 329 74 A M.Sceue.

294 1585 904 89 Du beau Phebus la clarté admirable,

294 1676 904 97 Nous rend ça bas alaigres & ioyeux,

295 1754 873 90 Quand la beauté de ſa face amiable,

290 1840 938 83 Ouuertement ſe deſcouure à noz yeux:

291 1918 1006 90 Mais lors qu'il eſt ſeulement veu es Cieux,

287 1998 860 89 A nous caché par les obſcures nues,

290 2083 961 96 Nous eſt il pas d’autant moins gracieux,

292 2164 977 104 Que ſes vertus nous ſont plus incongnues?

1300 2237 125 96 AM.
