1524 2492
1357 89 65 108 17

146 65 1060 85 DE PLVS GRAND TRAVAIL.

225 153 791 90 A M. Charles Fonteine, contre

422 245 315 66 vn enuieux.

80 332 737 86 Les neuf Muſes ont leur eau viue

80 420 727 81 Mieux recongnue en ta fonteine,

87 494 629 86 Que Pallas ne void ſon Oliue

83 575 631 88 Pacifique, en l’audace vaine,

81 660 624 82 Qui ta louenge treſcertaine

83 739 612 83 Veult abbaiſſer: ô enuieux,

77 820 727 93 Louenge eſt tant de toy lointaine,

80 908 700 97 Que tu es ieune entre les vieux.

360 992 553 104 A M. Denys Sauuage.

77 1068 669 103 Ton nom par tout deſia luiſant

69 1161 598 83 Ie mets en ce petit ouurage:

70 1233 678 94 Mais ie doute, qu'en ce faiſant,

70 1308 600 105 Il te ſoit eſtrange, Sauuage,

74 1398 646 100 Que i'eſcriue à vn perſonnage

72 1478 573 87 N'y ayant acces ny demy:

69 1557 632 108 Si ay. que fault il d’auantage?

70 1643 509 88 Tu es amy de mon amy.

200 1719 537 89 A M.Iean de Veure.

65 1790 832 105 Dedens Paris ma Muſe t’ha fait voir

65 1877 999 123 Ses vers Latins, ſouuent plus froids que glace,

69 1967 738 90 Que toutesfois tu daignois receuoir

65 2035 688 106 Benignement auec ioyeuſe face:

62 2120 826 106 Or reçoy donq ceux cy de meſme race

65 2199 918 121 En noſtre langue: & ſois ſeur, que ſi Dieu

912 2307 50 83 b

1126 2309 129 83 Telle
