1475 2468
111 61 68 107 20

197 135 823 92 Ton doux parler, ta douce affection,

198 226 887 82 Bref, tout en toy vertueux & louable,

196 303 842 85 Sus moy auoit le pouuoir admirable

196 389 868 77 De me donner ioye & contentement:

197 471 870 85 Perds ie ce bien par ton eslongnement,

198 548 835 82 Ce bien duquel ma vie eſtoit aydee?

194 633 939 78 Non par Hercule, au moins entierement:

198 717 818 80 Car mon eſprit en retient vne idee.

437 841 662 87 A Dame Denyſe L’hoſte.

194 954 1025 96 Mon ame en moy congnoiſſant grande faulte

193 1039 1030 96 Pour trouuer mieux, de mon corps ſe diſtrait,

194 1114 905 87 Et va chercher l’idee ſainte & haulte

194 1198 832 86 De ton eſprit par la vertu abſtrait:

193 1280 864 82 Lors elle void en toy vn diuin traict,

194 1362 837 96 Et en iugeant, dit qu'il eſt neceſſaire

198 1441 946 93 (Pour de vertu auoir le vray pourtraict)

196 1530 870 108 Comme tu es viuement te pourtraire.

375 1639 868 92 A Iane Bourguignonne, couſine de

539 1720 553 84 l'Auteur par alliance.

192 1823 787 97 Ce tien couſin, couſine, ſi tu veux,

192 1912 1011 102 Ce Bourguignon, ſi tu veux Bourguignonne,

190 1993 889 89 La grand beauté de tes dorez cheueux

190 2070 796 97 Fera en bref que ſa Muſe reſonne.

266 2152 872 117 Ha qu'áy ie dit, trop hardie perſonne!

497 43 399 86 REPOS

1249 2233 129 93 Ie parl
