1517 2484
200 45 1036 84 DE PLVS GRAND TRAVAIL.

1384 56 61 66 21

118 132 721 99 Ie parleray de choſe tant diuine?

117 220 865 93 A la chanter ainſi qu'elle en eſt digne,

117 303 737 88 Ne ſuffiroit Pindare, ny Horace:

117 382 749 92 Plus difficile encor ſeroit, couſine,

118 471 827 83 D'eſcrire bien ta bonté & ta grace.

350 574 318 70 A ſa Sainte.

117 667 719 86 Si ie t’auois par ton nom decelee,

117 754 880 82 T'en pourroit on blaſmer? ie dy que non:

117 844 961 77 Mais quand mes vers Sainte t'ont appellee,

120 920 935 81 Ilz ne pouuoient mieux declarer ton nom.

178 1026 1076 97 Plainte de la iambe rompue de Flora, petite

224 1106 963 95 chienne de madamoiſelle de Paſquiers,

339 1181 725 110 madamoiſelle Iane de Salles.

115 1287 666 88 Muſes, pleurez auecques moy

115 1364 660 96 Le ſoucy, le ſoing, & l’eſmoy,

117 1444 671 94 La faſcherie, & deuil de celle

117 1524 595 97 Tant gracieuſe damoiſelle,

120 1614 664 90 Qui ſus voſtre mont ha repeu,

121 1691 638 90 Et en voſtre fonteine ha beu.

179 1773 718 101 Pleurez donq la triſteſſe ſienne,

115 1851 710 92 Pour le mal de ſa belle chienne.

117 1934 722 84 Chienne, mais veu l’entendement

121 2020 722 85 Qu'elle ha, voluntiers autrement

117 2093 620 103 La dirois. außi ſa maiſtreſſe

120 2177 713 113 Seconde à nulle autre en ſageſſe,

903 2254 143 112 b 3

1229 2282 93 99 Qui
