1456 2468
118 71 76 71 22

455 45 405 88 REPOS

207 146 656 82 Qui en elle grand amour ha

207 227 652 80 Luy donna le nom de Flora.

204 303 594 87 Flora la deeſſe des fleurs,

203 390 715 88 Appaiſe les regretz & pleurs

203 464 587 87 De Venus la deeſſe belle:

204 548 693 84 Semblablement madamoiſelle

203 636 662 82 Parfaite Venus de ce temps,

201 715 718 81 Sentoit ſes eſprits plus contents

205 795 743 79 Voyant Flora ſa Chienne tendre.

285 878 726 80 Diſant Venuis ie veuil entendre

204 959 701 83 Venus de grace & de beauté,

203 1039 606 79 Non Venus de desloyauté:

205 1121 684 70 Ie veuil entendre vne Vemus,

205 1202 733 88 Qui ne prend ſes plaiſirs menus

207 1286 841 86 Qu'en paſſetemps beau & honneſte,

209 1368 665 84 Comme eſtoit ſa petite beſte.

284 1452 743 79 Muſes ne pleurerez vous point,

203 1532 842 84 La douleur qui tant pique & poingt

207 1612 760 78 Le cœur de celle qui vous ayme?

207 1689 872 86 Pour l’amour d’elle & de moymeſme

204 1775 770 84 Ie vous pry que vous la pleuriez:

204 1853 704 87 Et ſuis ſeur que vous le feriez

209 1934 661 85 Quand ſauriez les conditions

205 2016 603 77 Et les bonnes complexions

205 2093 622 88 De la Chienne quaſi perie,

214 2181 618 99 Qui à mon auis fut nourrie

1313 2245 66 63 Sus
