1519 2491
188 11 1040 102 DE PLVS GAAND TRAVAIL.

1338 27 57 67 23

124 103 787 104 Sus voſtre ſaint mont de Parnaſſe:

123 188 656 105 Car par meſure elle compaſſe

124 272 697 103 Sans faillir, & ſans ſe tromper

126 359 649 93 Son cheminer, & ſon iapper.

191 434 668 94 Son iapper ha vn ſi doux ſon,

126 513 834 100 Qu'on le prendroit bien pour chanſon:

124 596 583 101 Außi c'eſt, a ma fantaſie,

127 682 498 97 Quelque canine poëſie.

193 758 785 98 Et quand elle eſt ſaine & deliure,

124 842 659 93 Si, pour madamoiſelle ſuyure,

127 931 677 82 Ses petis piedz veult auancer,

127 1003 732 95 Vous diriez qu'elle veult danſer:

127 1086 655 93 Ie dy danſer, & vous aſſure,

128 1173 706 89 Qu'elle tient à mon gré meſure,

127 1260 709 83 Reigle, mouuement, &y compas:

127 1339 622 79 Mais ie ne m'en esbahi pas,

128 1418 655 79 Car voyant aux danſes aller,

127 1494 570 93 Et ſi heureuſement baller

127 1580 677 87 Sa maiſtreſſe, qui aux accords

127 1663 638 84 Des ſons fait obeïr ſon corps,

128 1742 690 90 Elle ha peu apprendre la ſorte.

195 1825 615 84 O clair, Apollon, reconforte

134 1905 667 90 Celle qui de ton ayde eſt digne

132 1990 687 76 Par ton noble art de medecine.

131 2071 703 86 Fay donq par ta diuine adreſſe,

139 2154 621 104 Que ce petit pied ſe redreſſe,

876 2223 154 93 b 4

1193 2214 154 119 Afin
