1472 2468
172 27 51 51 24

463 22 405 64 REPOS

220 89 609 87 Afin que d’ores en auant

224 167 625 90 Flora ſuyue comme deuant

226 249 668 95 Sa Venus, qui ne peult choiſir

224 331 684 94 Autre part qu'en elle plaiſir.

296 409 765 103 Sache, Phebus, Dieu d’excellence,

226 494 641 92 Que tu auras en recompenſe

219 573 704 98 Vn doux baiſer, tant gracieux,

222 655 762 94 Que combien que tu ſois es cieux,

215 734 823 109 Le Dieu plus beau & mieux paré,

218 815 529 91 Si ſeras tu bien honoré,

218 895 602 88 Que ta leure diuine touche

218 973 701 95 De Venus l’excellente bouche.

285 1058 673 97 Venus ie la dis ſans meſconte,

211 1140 734 99 Venus qui ta Daphné ſurmonte,

212 1221 638 93 Que iadis Nature feit belle,

207 1301 710 98 Mais amour contre toy rebelle.

363 1434 465 89 A vne damoiſelle.

204 1537 716 102 Vous m’auez dit madamoiſelle

194 1626 722 98 Des fois ie ne ſcay pas combien,

198 1705 760 106 Que ma façon n'eſt pas fort belle,

197 1787 659 95 Que du tout ie ne danſe rien.

189 1868 654 95 Ie reſpons, qu'il y ha vn bien

196 1949 739 110 (Ne vous deſplaiſe) à faire ainſi:

189 2029 610 98 Car ſi ie ne danſe pas bien,

183 2111 583 107 Ie ne danſe pas mal außi.

1297 2218 72 107 De
