1519 2491
144 30 1017 86 DE PLVS GRAND TRAVAIL.

1301 55 67 77 25

276 117 705 89 De ſon Conſeil par alliance.

78 210 870 90 Iaſoit, Amour, que le plus malheureux

77 294 789 87 Ie ſois de ceux que iamais tu bleſſas,

76 379 933 81 Veu que mon cœur chaſtement amoureux

80 459 820 86 En lieu à moy trop eſtrange adreſſas.

76 541 756 80 Sans reconfort encor ne me laiſſas,

74 615 844 93 En me donnant conſeil ſi bon & ſage,

77 703 1050 93 Qu'en mon plus grand danger ie prens courage,

74 783 820 88 L'oyant parler auec ſi grand' raiſon:

74 860 860 98 Ce ſeul conſeil, Amour, par ſon langage

74 949 778 86 Fait eſiouir mon cœur en ta priſon.

274 1036 706 94 Pourquoy il cele ſon amour.

523 1114 188 77 Sonet.

72 1181 969 103 La grande amour qui fait mon cœur bruler,

72 1273 765 84 Et à ma Sainte en fais le ſacrifice,

72 1349 898 95 Eſt toute bonne, & ne tend point à vice,

72 1433 768 86 Mais toutesfois il la me fault celer:

131 1515 753 88 Car ſi ie veuil la dire & reueler,

69 1591 853 102 Le meſdiſant, faiſant ſon propre office,

66 1678 750 80 La comparer voudra à ſa malice,

67 1753 687 94 Et l'oſera folle amour appeller.

130 1837 962 97 Plus blaſmee eſt vertu que vice au monde,

67 1911 748 98 Le vice eſt plus loué que la vertu,

69 1998 897 90 Tant des humains le faux iugement erre:

123 2079 927 100 O temps? ô meurs? ô ſiecle trop immonde:

65 2154 861 115 Iuſques à quand, bon Dieu, ſouffriras tu

795 2250 144 87 b 5

1116 2264 141 80 Dem
