1472 2468
157 45 76 83 26

547 34 402 75 REPOS

272 124 778 91 Demeurer telle abuſion ſus terre?

569 242 536 82 A ſa Sainte. Sonet.

275 364 950 80 Le beau Phebus donnant clarté aux iours

340 449 933 82 Qui enuironne en courant bien grand erre

338 529 955 83 Trois cieux, le feu, l’air, la mer & la terre,

337 612 809 84 En finiſſant recommence ſon cours:

277 692 802 82 Ixion fait ſus ſa roue maints tours,

338 770 871 89 Se ſuit, ſe fuit, à ſoymeſme fait guerre:

340 854 878 87 Et Siſyphe eſt touſiours apres ſa pierre

338 936 778 81 Selon l’arreſt des infernales cours.

274 1020 856 76 Ceux grande peine ont eternellement,

340 1103 871 78 Qui n'eſt iamais par le temps auancee,

333 1180 816 80 Et n'ont repos vne heure ſeulement:

270 1255 764 91 Ainſi eſt il, Sainte, de ma penſee,

336 1343 706 78 Qui de toy eſt continuellement,

333 1424 875 84 Iamais finie, & touſiours commencee.

570 1550 372 73 A elle meſme.

271 1664 982 88 Ie ne veuil point deſtourner l’amour grande

275 1753 924 78 Qu'as autre part, Sainte, pour ton deuoir:

272 1829 776 79 Et de iouir du bien, ie ne demande

274 1909 797 83 Que par la loy vn autre doit auoir:

271 1994 996 73 Mais ie voudrois bien tant heureux me voir

275 2075 911 83 D'auoir ta grace en mon endroit diuine:

281 2155 1029 94 Car ce grand Dieu qui fait les cieux mouuoir,

1309 2208 109 109 A t'ad
