1519 2491
121 41 1042 87 DE PLVS GRAND TRAVAIL.

1300 53 63 85 27

67 124 783 104 A t'adorer par les aſtres m'incline.

353 243 506 83 Sonet enigmatique.

66 333 788 84 I'ay veu tirer des veines de la terre

121 415 745 85 Vne nouuelle & incognue eſpece

114 492 930 96 Pleine de craſſe, & d'une ordure eſpoiſſe,

113 575 852 89 Dure, & ſolide en façon d’une pierre.

76 657 861 91 I'ay veu Vulcan, qui celle eſpeſſe ſerre,

113 738 906 90 Et la tranſmue en autre forme expreſſe:

116 819 839 90 Tant que ſoudain s'eſt faite vne deeſſe

117 907 922 81 Qui ſe vantoit de pouuoir tout conquerre.

70 982 938 82 Elle ha la marque & couleur de Phebus,

119 1069 879 75 Elle commet tous les iours maint abus,

114 1147 887 84 Crime ny ha qu'entreprendre elle n'oſe.

70 1226 778 95 Elle ha au doz le ſigne de la croix,

119 1311 923 85 Pour ce adorer ſe fait en maints endroits,

116 1388 752 89 Et appeller Royne de toute choſe.

312 1502 647 86 De ſon amour à ſa Sainte.

540 1585 189 74 Sonet.

69 1674 867 90 T'ayme ie point, ma Sainte à ceſt vſage

120 1760 810 80 Pour t'eſpouſer vn iour loyalement?

116 1836 779 90 Non, il y ha vn fort empeſchement

116 1916 689 92 Par le lien eſtroit de mariage.

77 1996 906 95 T'ayme ie point de quelque amour volage

117 2081 802 87 Pour en iouir par fol appointemeut?

121 2163 851 102 Certes nenny, i'ayme trop chaſtement,

1190 2246 86 78 Tu
