1472 2468
176 39 69 84 28

562 37 380 78 REPOS

288 132 816 91 Tu es außi trop vertueuſe & ſage.

289 290 737 88 Que de toy ſois deuot adorateur,

366 212 974 96 Qui ha donq fait telle amour en moy naiſtre

283 372 876 88 Sans eſperer eſtre de ta chair maiſtre?

359 459 900 85 Ie croy que Dieu tout puiſſant createur

281 540 979 82 M'ha en ces iours mis au monde, pour eſtre

279 622 848 81 De tes vertuz le grand admirateur.

647 744 376 78 A elle meſme.

282 855 1007 85 Voudrois tu mieux apperceuoir ma flamme?

279 941 896 81 Pourrois ie mieux ta glace apperceuoir

281 1018 1088 92 Qu'en deux bouquets, dont en meſme temps, dame,

277 1096 810 83 Tu retins l’un, l’autre me feis auoir?

272 1177 862 84 Le tien on ha dedens ton ſein peu voir

272 1260 942 83 Trois iours entiers durer pour ta froideur:

271 1342 911 82 Le mien n’ha eu trois heures ce pouuoir,

271 1416 890 96 Eſtant ſoudain ſeiché par mon ardeur.

425 1561 891 95 A monſieur de Coras ſon precepteur

631 1643 492 80 & pere d’erudition.

270 1739 813 101 I'eſtois par fieure en vn lict detenu,

272 1829 942 94 Quand vous diſiez, treſexcellent docteur,

272 1915 835 88 Que ſi mon iour dernier eſtoit venu,

270 1993 996 95 La mort plaindriez de moy voſtre auditeur:

272 2078 905 86 Soyez certain que pour auoir ceſt heur,

274 2154 907 102 I'euz de mourir ce iour là grand'enuie:

1358 2240 56 73 Car
