<?xml version="1.0" encoding="UTF-8"?>
<alto xmlns:xsi="http://www.w3.org/2001/XMLSchema-instance"
      xmlns="http://www.loc.gov/standards/alto/ns-v4#"
      xsi:schemaLocation="http://www.loc.gov/standards/alto/ns-v4# http://www.loc.gov/standards/alto/v4/alto-4-2.xsd">
  <Description>
    <MeasurementUnit>pixel</MeasurementUnit>
    <sourceImageInformation>
      <fileName>29.jpg</fileName>
      
    </sourceImageInformation>
  </Description>
  
  <Tags>
    <OtherTag ID="BT4980" LABEL="TitlePageZone" DESCRIPTION="block type TitlePageZone"/><OtherTag ID="BT4979" LABEL="TableZone" DESCRIPTION="block type TableZone"/><OtherTag ID="BT4978" LABEL="StampZone" DESCRIPTION="block type StampZone"/><OtherTag ID="BT4977" LABEL="SealZone" DESCRIPTION="block type SealZone"/><OtherTag ID="BT4976" LABEL="RunningTitleZone" DESCRIPTION="block type RunningTitleZone"/><OtherTag ID="BT4975" LABEL="QuireMarksZone" DESCRIPTION="block type QuireMarksZone"/><OtherTag ID="BT4974" LABEL="NumberingZone" DESCRIPTION="block type NumberingZone"/><OtherTag ID="BT4973" LABEL="MusicZone" DESCRIPTION="block type MusicZone"/><OtherTag ID="BT4972" LABEL="MarginTextZone" DESCRIPTION="block type MarginTextZone"/><OtherTag ID="BT4971" LABEL="MainZone" DESCRIPTION="block type MainZone"/><OtherTag ID="BT4970" LABEL="DropCapitalZone" DESCRIPTION="block type DropCapitalZone"/><OtherTag ID="BT4969" LABEL="DigitizationArtefactZone" DESCRIPTION="block type DigitizationArtefactZone"/><OtherTag ID="BT4968" LABEL="GraphicZone" DESCRIPTION="block type GraphicZone"/><OtherTag ID="BT4967" LABEL="DamageZone" DESCRIPTION="block type DamageZone"/><OtherTag ID="BT4966" LABEL="CustomZone" DESCRIPTION="block type CustomZone"/>
    <OtherTag ID="LT1589" LABEL="MusicLine" DESCRIPTION="line type MusicLine"/><OtherTag ID="LT1588" LABEL="InterlinearLine" DESCRIPTION="line type InterlinearLine"/><OtherTag ID="LT1587" LABEL="HeadingLine" DESCRIPTION="line type HeadingLine"/><OtherTag ID="LT1586" LABEL="DropCapitalLine" DESCRIPTION="line type DropCapitalLine"/><OtherTag ID="LT1585" LABEL="DefaultLine" DESCRIPTION="line type DefaultLine"/><OtherTag ID="LT1584" LABEL="CustomLine" DESCRIPTION="line type CustomLine"/>
  </Tags>
  
  <Layout>
    <Page WIDTH="1519"
          HEIGHT="2491"
          PHYSICAL_IMG_NR="28"
          ID="eSc_dummypage_">
      <PrintSpace HPOS="0"
                  VPOS="0"
                  WIDTH="1519"
                  HEIGHT="2491">
        
        <TextBlock HPOS="86.0"
                   VPOS="43.0"
                   WIDTH="1077.0"
                   HEIGHT="78.0"
                   ID="block_1"
                   TAGREFS="BT4976">
          <Shape><Polygon POINTS="86 43 1163 43 1163 121 86 121 86 43"/></Shape>
          
          
          <TextLine ID="eSc_line_5abac034"
                    TAGREFS="LT1587"
                    BASELINE="113 110 614 96 1132 106" 
                    HPOS="112"
                    VPOS="47"
                    WIDTH="1020"
                    HEIGHT="84">
            <Shape><Polygon POINTS="1067 53 1053 53 1039 53 1026 53 1012 52 998 52 996 52 995 53 988 52 984 52 970 52 956 52 942 52 938 52 933 53 927 52 915 52 901 52 887 51 877 51 869 53 828 51 818 51 804 51 790 51 778 51 768 58 767 59 725 59 725 58 714 49 707 49 693 49 679 49 666 49 652 49 638 48 624 48 610 48 596 48 585 48 560 56 487 47 486 47 484 47 458 59 456 59 455 59 416 48 415 48 414 48 412 48 390 55 265 48 264 48 263 48 261 48 243 59 200 52 199 52 112 59 113 110 113 131 196 130 198 130 199 130 217 116 243 128 245 128 246 128 360 116 456 116 472 127 473 127 474 127 476 127 477 127 502 117 544 117 564 127 566 127 567 127 569 127 617 114 668 114 706 128 707 128 708 128 710 128 754 117 782 127 783 127 785 127 786 127 787 127 810 114 901 114 931 127 933 127 934 128 1005 128 1005 127 1006 127 1008 127 1016 120 1129 125 1132 106 1131 58 1091 53 1081 53"/></Shape>
	    <String CONTENT="DE PLVS GRAND TRAVAIL."
                    HPOS="112"
                    VPOS="47"
                    WIDTH="1020"
                    HEIGHT="84"
                    WC="0.999547649513591"></String>
          </TextLine>

          
        </TextBlock>
        
        <TextBlock HPOS="1274.0"
                   VPOS="74.0"
                   WIDTH="78.0"
                   HEIGHT="60.0"
                   ID="block_2"
                   TAGREFS="BT4974">
          <Shape><Polygon POINTS="1274 74 1352 74 1352 134 1274 134 1274 74"/></Shape>
          
          
          <TextLine ID="eSc_line_022f170c"
                    TAGREFS="LT1585"
                    BASELINE="1282 112 1343 109" 
                    HPOS="1279"
                    VPOS="62"
                    WIDTH="64"
                    HEIGHT="79">
            <Shape><Polygon POINTS="1334 74 1320 66 1309 62 1309 62 1308 62 1307 62 1296 65 1293 67 1279 74 1282 112 1283 141 1301 134 1341 138 1343 109 1341 103 1334 74"/></Shape>
	    <String CONTENT="29"
                    HPOS="1279"
                    VPOS="62"
                    WIDTH="64"
                    HEIGHT="79"
                    WC="0.995652318000793"></String>
          </TextLine>

          
        </TextBlock>
        
        <TextBlock HPOS="31.0"
                   VPOS="133.0"
                   WIDTH="1183.0"
                   HEIGHT="2148.0"
                   ID="block_0"
                   TAGREFS="BT4971">
          <Shape><Polygon POINTS="31 133 1214 133 1214 2281 31 2281 31 133"/></Shape>
          
          
          <TextLine ID="eSc_line_6cd8a16d"
                    TAGREFS="LT1585"
                    BASELINE="55 210 523 196 918 200" 
                    HPOS="54"
                    VPOS="141"
                    WIDTH="864"
                    HEIGHT="91">
            <Shape><Polygon POINTS="54 166 55 210 55 229 96 224 110 229 117 232 119 232 120 232 121 232 123 232 126 229 137 220 160 220 177 229 180 231 181 231 182 231 184 231 204 228 281 218 294 226 296 226 297 226 299 226 376 217 476 222 477 222 479 222 480 222 490 215 571 215 589 225 591 225 592 225 594 225 595 225 596 225 612 215 623 225 624 225 625 225 627 226 661 226 661 225 663 225 667 224 700 213 736 224 739 224 740 224 742 225 787 225 787 224 789 224 790 224 790 222 800 215 916 221 918 200 915 153 891 153 890 153 875 141 873 141 872 141 870 141 869 141 868 141 854 150 804 141 803 141 749 142 747 142 724 153 721 154 714 153 667 143 666 143 664 143 630 154 625 156 566 156 564 154 551 145 549 145 548 145 546 145 545 145 544 145 530 154 524 157 490 154 440 150 438 150 437 150 423 154 416 157 415 154 405 148 405 146 404 146 402 146 401 146 362 148 361 148 360 148 351 156 344 161 264 161 247 156 228 149 227 149 225 149 192 156 159 164 117 164 103 156 91 150 90 150 88 150 65 154 54 166"/></Shape>
	    <String CONTENT="Car i&#x27;eſperois, de vous, mon precepteur,"
                    HPOS="54"
                    VPOS="141"
                    WIDTH="864"
                    HEIGHT="91"
                    WC="0.979989843070507"></String>
          </TextLine>

          
          
          <TextLine ID="eSc_line_23b70d92"
                    TAGREFS="LT1585"
                    BASELINE="56 292 495 279 944 282" 
                    HPOS="55"
                    VPOS="228"
                    WIDTH="889"
                    HEIGHT="97">
            <Shape><Polygon POINTS="56 292 56 323 135 314 137 314 138 314 153 300 195 300 231 315 232 315 234 315 235 315 252 311 260 318 265 322 265 323 267 323 268 323 270 325 314 325 314 323 443 322 444 322 468 309 494 297 523 308 531 311 533 311 534 311 553 307 600 296 617 304 646 319 648 319 649 319 650 319 652 319 652 318 661 309 696 309 696 308 697 308 699 308 699 307 704 301 711 294 765 298 798 301 800 301 852 296 879 293 882 294 895 301 897 301 898 301 942 292 944 282 941 240 785 240 767 233 765 233 764 233 762 233 743 240 710 228 708 228 707 228 706 228 679 240 573 231 571 231 501 238 484 231 483 231 481 231 480 231 434 243 408 233 407 233 405 233 344 240 308 233 307 233 247 246 202 233 200 233 199 233 198 233 170 247 77 235 76 235 74 235 73 235 55 246 56 292"/></Shape>
	    <String CONTENT="Plus en ma mort, que de moy en ma vie."
                    HPOS="55"
                    VPOS="228"
                    WIDTH="889"
                    HEIGHT="97"
                    WC="0.959446452165905"></String>
          </TextLine>

          
          
          <TextLine ID="eSc_line_2afbb49e"
                    TAGREFS="LT1587"
                    BASELINE="202 442 696 438 1071 442" 
                    HPOS="200"
                    VPOS="380"
                    WIDTH="871"
                    HEIGHT="96">
            <Shape><Polygon POINTS="202 476 238 474 239 474 274 455 354 466 355 466 357 466 358 466 380 451 451 458 452 458 454 458 483 451 692 451 731 474 732 474 733 474 735 476 819 476 819 474 821 474 877 458 915 474 916 474 918 474 919 474 960 458 1002 474 1003 474 1005 476 1070 476 1071 442 1070 402 869 402 866 401 815 380 814 380 735 380 733 380 732 380 685 399 682 401 678 399 642 383 641 383 639 383 638 383 596 398 576 380 574 380 573 380 571 380 548 381 546 381 545 381 526 398 524 401 497 401 490 398 470 391 469 391 468 391 418 398 405 399 402 398 379 380 378 380 376 380 375 380 373 380 342 388 333 381 333 380 332 380 330 380 274 380 272 380 271 380 250 391 229 380 228 380 227 380 225 380 224 380 200 394 202 442"/></Shape>
	    <String CONTENT="A M. Seuerin Bourrel, chanoyne en"
                    HPOS="200"
                    VPOS="380"
                    WIDTH="871"
                    HEIGHT="96"
                    WC="0.975382712754336"></String>
          </TextLine>

          
          
          <TextLine ID="eSc_line_d4b7a721"
                    TAGREFS="LT1587"
                    BASELINE="340 512 922 514" 
                    HPOS="339"
                    VPOS="455"
                    WIDTH="583"
                    HEIGHT="87">
            <Shape><Polygon POINTS="339 538 433 539 434 539 436 539 437 539 466 525 531 525 595 534 596 534 598 534 623 527 632 535 634 535 635 535 636 536 713 536 713 535 714 535 731 527 793 541 796 541 797 541 798 541 846 527 880 541 882 541 883 542 920 542 922 514 920 473 900 473 898 471 879 458 877 458 876 458 875 458 873 458 848 466 839 458 839 456 837 456 836 456 834 456 833 456 832 456 816 470 814 473 702 473 696 467 692 463 692 462 690 462 689 462 627 455 625 455 573 464 567 464 564 463 544 455 542 455 541 455 540 455 538 455 528 463 519 470 505 462 491 455 490 455 434 455 433 455 432 455 420 460 401 470 340 459 340 512"/></Shape>
	    <String CONTENT="l&#x27;egliſe de S. Bernard de"
                    HPOS="339"
                    VPOS="455"
                    WIDTH="583"
                    HEIGHT="87"
                    WC="0.998256089687347"></String>
          </TextLine>

          
          
          <TextLine ID="eSc_line_0d86c31e"
                    TAGREFS="LT1587"
                    BASELINE="502 584 750 586" 
                    HPOS="501"
                    VPOS="523"
                    WIDTH="249"
                    HEIGHT="85">
            <Shape><Polygon POINTS="501 608 749 607 750 586 749 552 700 543 699 543 688 543 635 549 614 535 598 524 596 524 595 524 502 523 502 584"/></Shape>
	    <String CONTENT="Romans."
                    HPOS="501"
                    VPOS="523"
                    WIDTH="249"
                    HEIGHT="85"
                    WC="0.958143293857574"></String>
          </TextLine>

          
          
          <TextLine ID="eSc_line_6c56a741"
                    TAGREFS="LT1585"
                    BASELINE="55 725 380 718 847 722" 
                    HPOS="54"
                    VPOS="667"
                    WIDTH="793"
                    HEIGHT="86">
            <Shape><Polygon POINTS="837 682 756 682 754 680 742 669 742 668 735 668 704 680 703 680 702 680 675 667 674 667 672 667 671 667 670 667 650 679 648 680 618 679 607 679 595 668 595 667 594 667 592 667 556 667 555 667 553 667 552 667 552 668 540 679 537 680 499 678 409 672 408 672 407 672 405 672 397 678 393 679 390 678 380 668 380 667 379 667 378 667 376 667 283 676 239 680 123 680 113 675 94 667 92 667 91 667 60 672 54 683 55 725 56 744 101 733 119 743 120 743 121 743 123 743 146 732 177 741 178 741 180 741 181 741 221 732 308 743 310 744 335 744 335 743 336 743 337 743 337 741 348 732 447 732 462 743 463 743 465 743 466 744 510 744 510 743 512 743 513 743 513 741 520 736 527 743 528 743 530 743 531 744 574 744 574 743 576 743 577 743 591 732 653 753 686 740 688 740 689 740 746 733 778 743 779 743 780 744 846 744 847 722 846 690 843 687"/></Shape>
	    <String CONTENT="Des enuieux, du temps, des ignorans,"
                    HPOS="54"
                    VPOS="667"
                    WIDTH="793"
                    HEIGHT="86"
                    WC="0.998231334818734"></String>
          </TextLine>

          
          
          <TextLine ID="eSc_line_c72b84e2"
                    TAGREFS="LT1585"
                    BASELINE="58 804 591 799 1082 804" 
                    HPOS="56"
                    VPOS="748"
                    WIDTH="1026"
                    HEIGHT="85">
            <Shape><Polygon POINTS="991 765 991 763 970 748 969 748 967 748 882 748 880 748 879 748 877 748 852 763 851 763 834 763 742 763 724 754 722 754 721 754 720 754 718 754 707 763 666 763 649 763 609 748 607 748 574 748 573 748 571 748 545 763 517 748 516 748 515 748 394 762 324 754 322 754 225 763 218 763 216 763 174 754 173 754 171 754 170 754 159 763 157 765 130 765 128 763 95 748 94 748 92 748 91 748 56 761 58 804 58 820 130 820 138 822 173 830 174 830 175 830 177 830 188 823 193 820 245 820 249 823 258 831 260 831 261 831 263 833 288 833 288 831 289 831 314 824 328 820 412 820 419 824 426 831 427 831 429 831 430 833 466 833 466 831 468 831 469 831 477 826 486 820 517 826 542 830 544 830 564 826 595 820 605 827 607 830 609 830 610 830 612 830 613 830 614 830 618 827 628 822 652 827 670 831 671 833 756 833 756 831 775 828 829 820 847 830 851 831 852 831 854 833 1081 833 1082 804 1081 798 1070 765"/></Shape>
	    <String CONTENT="Nous nous pouuons plaindre amy, à ceſte heure:"
                    HPOS="56"
                    VPOS="748"
                    WIDTH="1026"
                    HEIGHT="85"
                    WC="0.979037434496778"></String>
          </TextLine>

          
          
          <TextLine ID="eSc_line_a9db4edc"
                    TAGREFS="LT1585"
                    BASELINE="56 885 420 880 918 884" 
                    HPOS="55"
                    VPOS="834"
                    WIDTH="863"
                    HEIGHT="72">
            <Shape><Polygon POINTS="56 885 55 895 72 903 73 903 74 903 76 903 94 898 130 905 131 905 132 905 163 898 213 905 214 905 216 905 217 905 234 895 321 895 336 905 337 905 339 905 340 905 443 895 458 905 459 905 461 905 462 906 515 906 515 905 516 905 517 905 517 903 527 895 540 903 541 903 542 903 544 903 545 903 577 895 578 895 580 895 664 902 666 902 667 902 668 902 674 898 681 903 681 905 682 905 684 905 685 905 686 905 707 898 739 905 740 905 818 898 897 903 898 903 900 903 916 895 918 884 913 837 884 845 652 845 636 837 630 834 628 834 627 834 571 835 570 835 569 835 569 837 567 837 563 841 558 837 553 834 552 834 551 834 549 834 491 838 419 842 414 838 409 834 408 834 407 834 405 834 404 834 393 838 376 844 361 838 357 837 355 837 354 837 344 838 310 844 279 838 261 835 260 835 258 835 247 838 228 844 203 838 192 837 191 837 170 838 121 844 116 838 112 835 112 834 110 834 109 834 108 834 56 838 56 885"/></Shape>
	    <String CONTENT="Les enuieux vont touſiours murmurans"
                    HPOS="55"
                    VPOS="834"
                    WIDTH="863"
                    HEIGHT="72"
                    WC="0.975040708978971"></String>
          </TextLine>

          
          
          <TextLine ID="eSc_line_27715fec"
                    TAGREFS="LT1585"
                    BASELINE="58 961 821 967" 
                    HPOS="56"
                    VPOS="907"
                    WIDTH="765"
                    HEIGHT="86">
            <Shape><Polygon POINTS="58 961 56 982 160 975 168 983 170 983 170 985 171 985 173 985 174 985 175 985 180 983 191 979 196 983 200 988 202 988 203 988 204 988 206 988 218 983 229 979 236 983 245 989 246 989 247 989 249 990 293 990 293 989 294 989 296 989 303 983 306 981 310 983 315 988 315 989 317 989 318 989 319 990 354 990 354 989 355 989 357 989 364 983 372 977 400 977 440 982 491 990 492 990 494 990 495 990 495 989 504 982 509 978 577 978 603 982 664 992 666 992 667 992 668 992 668 990 679 982 682 979 747 979 750 981 761 990 761 992 762 992 764 992 765 993 797 993 797 992 798 992 819 981 821 967 819 929 760 928 742 918 740 918 739 918 738 918 714 927 711 928 710 927 695 913 695 911 693 911 692 911 630 910 628 910 627 910 599 924 594 927 588 924 559 911 558 911 556 911 555 911 553 911 540 924 508 925 499 923 480 914 479 914 477 914 476 914 474 914 474 916 468 921 463 925 456 921 455 920 454 920 452 920 451 920 433 921 393 925 379 920 365 914 364 914 362 914 361 914 360 914 360 916 354 920 348 924 293 923 290 918 281 910 281 909 279 909 278 909 247 907 246 907 245 907 225 917 211 924 156 917 155 917 113 923 102 914 92 907 91 907 90 907 88 907 58 913 58 961"/></Shape>
	    <String CONTENT="Contre celuy qui en vertu labeure."
                    HPOS="56"
                    VPOS="907"
                    WIDTH="765"
                    HEIGHT="86"
                    WC="0.987636368064319"></String>
          </TextLine>

          
          
          <TextLine ID="eSc_line_22a81509"
                    TAGREFS="LT1585"
                    BASELINE="56 1044 850 1047" 
                    HPOS="55"
                    VPOS="995"
                    WIDTH="795"
                    HEIGHT="74">
            <Shape><Polygon POINTS="56 1044 55 1057 73 1066 74 1066 76 1066 116 1060 124 1066 126 1066 127 1066 128 1066 184 1060 196 1065 198 1065 199 1065 200 1065 202 1065 213 1058 275 1066 276 1066 278 1066 311 1058 312 1058 451 1058 455 1060 477 1068 479 1068 480 1068 531 1061 549 1068 551 1068 552 1069 688 1069 688 1068 689 1068 690 1068 690 1066 696 1061 699 1060 703 1062 721 1068 722 1068 724 1068 848 1062 850 1047 847 1006 702 1007 696 1004 685 996 684 996 682 996 632 996 631 996 630 996 606 1004 591 1010 537 1010 526 1003 512 997 510 997 509 997 483 1003 472 1006 469 1003 462 997 461 997 459 997 458 997 456 997 447 1003 438 1007 429 1003 416 997 415 997 414 997 383 1003 357 1008 268 1008 261 1001 258 999 257 999 256 999 254 999 253 999 245 1001 232 1007 211 1001 185 995 184 995 138 995 137 995 135 995 120 1001 108 1007 101 1001 94 995 92 995 91 995 90 995 56 1000 56 1044"/></Shape>
	    <String CONTENT="La charité en ce temps ne demeure,"
                    HPOS="55"
                    VPOS="995"
                    WIDTH="795"
                    HEIGHT="74"
                    WC="0.98028837782996"></String>
          </TextLine>

          
          
          <TextLine ID="eSc_line_479326d6"
                    TAGREFS="LT1585"
                    BASELINE="59 1126 933 1130" 
                    HPOS="58"
                    VPOS="1072"
                    WIDTH="875"
                    HEIGHT="91">
            <Shape><Polygon POINTS="58 1138 268 1151 270 1151 271 1151 272 1151 289 1140 293 1138 369 1138 373 1140 393 1152 394 1152 396 1152 397 1154 426 1154 426 1152 427 1152 429 1152 429 1151 440 1140 441 1140 483 1140 499 1152 501 1152 502 1152 504 1152 558 1141 578 1152 580 1152 581 1154 616 1154 616 1152 617 1152 618 1152 618 1151 627 1144 654 1152 656 1152 657 1152 659 1152 696 1141 702 1140 726 1163 875 1150 876 1150 931 1141 933 1130 931 1087 815 1090 786 1084 749 1076 747 1076 746 1076 744 1076 744 1078 738 1083 729 1091 690 1091 666 1082 643 1075 642 1075 596 1075 595 1075 594 1075 576 1080 549 1089 538 1080 535 1078 534 1078 533 1078 531 1078 530 1078 524 1079 508 1084 454 1078 420 1075 419 1075 418 1075 416 1075 414 1078 398 1089 389 1080 387 1080 386 1080 384 1080 383 1080 382 1080 371 1089 213 1089 170 1079 168 1079 167 1079 142 1087 114 1073 113 1073 59 1072 59 1126"/></Shape>
	    <String CONTENT="Maints ignorans ſont maiſtres glorieux:"
                    HPOS="58"
                    VPOS="1072"
                    WIDTH="875"
                    HEIGHT="91"
                    WC="0.985878443106627"></String>
          </TextLine>

          
          
          <TextLine ID="eSc_line_cade4014"
                    TAGREFS="LT1585"
                    BASELINE="62 1208 884 1208" 
                    HPOS="62"
                    VPOS="1151"
                    WIDTH="822"
                    HEIGHT="84">
            <Shape><Polygon POINTS="62 1208 62 1221 99 1234 101 1234 102 1234 103 1234 124 1227 182 1234 184 1234 185 1234 186 1234 186 1233 198 1223 217 1231 218 1231 220 1231 261 1223 265 1223 281 1234 282 1234 283 1234 285 1235 361 1235 361 1234 362 1234 383 1224 387 1223 477 1223 481 1224 488 1231 490 1231 491 1231 492 1231 555 1226 582 1223 585 1226 592 1231 592 1233 594 1233 595 1233 596 1233 598 1233 599 1233 607 1227 630 1234 631 1234 632 1234 634 1234 656 1226 659 1226 661 1226 686 1233 688 1233 689 1233 690 1233 706 1227 710 1224 713 1227 721 1234 722 1234 724 1234 725 1235 790 1235 790 1234 792 1234 805 1227 810 1224 814 1227 819 1231 821 1231 822 1231 823 1231 825 1231 826 1231 830 1227 836 1223 883 1227 884 1208 884 1174 819 1174 818 1173 786 1151 785 1151 783 1151 782 1151 780 1151 739 1172 736 1174 612 1174 609 1170 589 1152 589 1151 588 1151 587 1151 526 1151 524 1151 523 1151 522 1151 492 1169 486 1174 469 1174 463 1169 443 1151 441 1151 440 1151 396 1151 394 1151 393 1151 391 1151 369 1168 361 1174 333 1174 328 1168 322 1163 322 1162 321 1162 319 1162 318 1162 317 1162 301 1168 300 1168 281 1151 279 1151 278 1151 276 1151 275 1151 242 1166 238 1169 234 1166 209 1151 207 1151 206 1151 184 1151 182 1151 181 1151 153 1166 144 1170 112 1169 108 1165 92 1154 91 1154 90 1154 88 1154 87 1154 62 1163 62 1208"/></Shape>
	    <String CONTENT="Qui eſt celuy qui le malheur ne pleure"
                    HPOS="62"
                    VPOS="1151"
                    WIDTH="822"
                    HEIGHT="84"
                    WC="0.99671502646647"></String>
          </TextLine>

          
          
          <TextLine ID="eSc_line_6b90884b"
                    TAGREFS="LT1585"
                    BASELINE="59 1285 861 1288" 
                    HPOS="58"
                    VPOS="1234"
                    WIDTH="803"
                    HEIGHT="85">
            <Shape><Polygon POINTS="58 1314 109 1316 110 1316 112 1316 113 1316 184 1319 263 1303 321 1316 322 1316 324 1316 325 1316 351 1303 416 1303 458 1316 461 1317 462 1317 463 1318 552 1318 552 1317 553 1317 556 1317 600 1305 620 1314 621 1314 623 1314 688 1306 750 1316 751 1316 753 1316 772 1306 805 1317 807 1317 808 1318 859 1318 861 1288 861 1245 844 1235 843 1235 841 1235 840 1235 839 1235 804 1245 801 1246 800 1245 785 1235 783 1235 782 1235 780 1235 779 1235 749 1242 696 1237 695 1237 693 1237 692 1237 682 1244 678 1246 670 1244 645 1235 643 1235 642 1235 641 1235 616 1242 612 1244 607 1242 578 1235 577 1235 576 1235 545 1242 524 1246 515 1241 502 1235 501 1235 499 1235 498 1235 497 1235 490 1241 481 1246 469 1241 454 1234 452 1234 451 1234 450 1234 448 1234 441 1241 436 1244 404 1239 357 1234 355 1234 354 1234 353 1234 347 1239 339 1246 132 1246 105 1235 101 1234 99 1234 98 1234 59 1234 59 1285"/></Shape>
	    <String CONTENT="Des ignorans, du temps, des enuieux?"
                    HPOS="58"
                    VPOS="1234"
                    WIDTH="803"
                    HEIGHT="85"
                    WC="0.991100271542867"></String>
          </TextLine>

          
          
          <TextLine ID="eSc_line_96f9ebd1"
                    TAGREFS="LT1587"
                    BASELINE="209 1448 1063 1454" 
                    HPOS="209"
                    VPOS="1383"
                    WIDTH="854"
                    HEIGHT="101">
            <Shape><Polygon POINTS="1012 1394 998 1393 984 1390 970 1389 956 1388 955 1388 954 1388 952 1388 951 1388 919 1407 918 1408 883 1408 882 1407 852 1386 851 1386 850 1386 832 1386 830 1386 829 1386 828 1386 800 1406 800 1407 656 1407 654 1406 612 1385 610 1385 538 1385 537 1385 535 1385 486 1404 484 1406 423 1406 401 1404 394 1404 351 1383 350 1383 348 1383 311 1390 276 1383 275 1383 274 1383 272 1383 264 1392 243 1385 242 1385 240 1385 239 1385 209 1400 209 1448 209 1479 243 1469 383 1469 411 1479 420 1482 422 1482 423 1482 425 1482 434 1479 458 1471 488 1471 495 1477 499 1480 499 1482 501 1482 502 1482 504 1482 505 1482 515 1477 531 1471 541 1477 546 1482 548 1482 549 1482 551 1483 581 1483 581 1482 582 1482 591 1477 606 1471 621 1477 635 1483 636 1483 638 1484 679 1484 679 1483 681 1483 682 1483 689 1477 697 1472 726 1477 756 1482 757 1482 782 1476 803 1472 810 1476 816 1483 818 1483 819 1483 821 1483 854 1476 865 1475 875 1476 905 1482 906 1482 933 1476 940 1475 945 1476 969 1484 970 1484 972 1484 1062 1475 1063 1454 1063 1408 1045 1408 1045 1407 1031 1396 1026 1396"/></Shape>
	    <String CONTENT="A M. Iaques de Bermeres ſon frere"
                    HPOS="209"
                    VPOS="1383"
                    WIDTH="854"
                    HEIGHT="101"></String>
          </TextLine>

          
          
          <TextLine ID="eSc_line_d7b0cfa9"
                    TAGREFS="LT1587"
                    BASELINE="461 1523 796 1526" 
                    HPOS="457"
                    VPOS="1465"
                    WIDTH="338"
                    HEIGHT="91">
            <Shape><Polygon POINTS="459 1521 457 1550 585 1544 604 1550 625 1556 627 1556 629 1556 631 1556 633 1556 644 1548 650 1546 671 1548 768 1556 770 1556 773 1556 793 1544 795 1525 789 1467 748 1482 664 1482 633 1467 627 1465 625 1465 623 1465 621 1465 615 1467 588 1477 563 1467 554 1465 552 1465 550 1465 459 1467 459 1521"/></Shape>
	    <String CONTENT="par alliance."
                    HPOS="457"
                    VPOS="1465"
                    WIDTH="338"
                    HEIGHT="91"
                    WC="0.959939016745641"></String>
          </TextLine>

          
          
          <TextLine ID="eSc_line_926d2bf6"
                    TAGREFS="LT1585"
                    BASELINE="55 1655 786 1666 858 1671" 
                    HPOS="54"
                    VPOS="1602"
                    WIDTH="804"
                    HEIGHT="97">
            <Shape><Polygon POINTS="110 1603 96 1605 83 1606 69 1608 55 1609 55 1655 54 1667 128 1668 130 1670 137 1677 138 1677 139 1677 141 1677 193 1671 199 1671 200 1671 217 1688 217 1689 218 1689 220 1689 221 1689 222 1689 260 1673 261 1673 270 1681 271 1681 272 1681 274 1681 346 1675 368 1674 375 1675 407 1688 408 1688 409 1688 411 1688 448 1678 458 1675 466 1678 505 1695 506 1695 508 1696 542 1696 542 1695 544 1695 571 1681 574 1680 578 1681 594 1689 595 1689 596 1689 598 1689 613 1682 614 1681 617 1682 636 1696 638 1696 639 1696 641 1696 642 1696 668 1684 682 1696 682 1698 684 1698 685 1698 844 1699 846 1699 847 1699 848 1699 857 1691 858 1671 857 1631 828 1630 818 1620 818 1619 816 1619 815 1619 814 1619 812 1619 779 1627 776 1628 775 1627 764 1613 762 1613 762 1612 761 1612 760 1612 758 1612 696 1624 679 1627 541 1626 537 1619 535 1619 535 1617 534 1617 533 1617 531 1617 520 1617 456 1623 437 1614 418 1606 416 1606 371 1606 369 1606 368 1606 366 1606 358 1612 343 1621 332 1610 330 1610 330 1609 329 1609 328 1609 240 1603 239 1603 225 1606 177 1619 168 1612 168 1610 167 1610 166 1610 164 1610 126 1616 110 1602 110 1603"/></Shape>
	    <String CONTENT="En tous eſtats abus regne, mon frere,"
                    HPOS="54"
                    VPOS="1602"
                    WIDTH="804"
                    HEIGHT="97"
                    WC="0.978077638793636"></String>
          </TextLine>

          
          
          <TextLine ID="eSc_line_296f8ac3"
                    TAGREFS="LT1585"
                    BASELINE="55 1732 846 1747" 
                    HPOS="54"
                    VPOS="1678"
                    WIDTH="792"
                    HEIGHT="105">
            <Shape><Polygon POINTS="54 1749 195 1752 210 1763 211 1763 213 1763 214 1763 247 1756 275 1776 276 1776 278 1776 279 1776 281 1776 282 1776 299 1765 321 1771 322 1771 324 1771 325 1771 326 1771 343 1757 387 1757 415 1779 416 1779 418 1779 486 1781 749 1783 750 1783 751 1783 753 1783 780 1765 844 1764 846 1747 846 1711 808 1704 789 1710 771 1692 771 1691 769 1691 768 1691 750 1691 749 1691 747 1691 746 1691 746 1692 729 1709 728 1709 726 1709 704 1702 703 1702 702 1702 623 1706 607 1706 606 1706 585 1688 584 1688 582 1688 559 1686 558 1686 556 1686 510 1702 488 1685 487 1685 486 1685 484 1685 412 1686 411 1686 386 1700 382 1702 346 1699 275 1693 260 1681 258 1681 257 1681 256 1681 224 1684 222 1684 221 1684 221 1685 209 1696 206 1698 159 1698 155 1695 131 1678 130 1678 128 1678 127 1678 126 1678 101 1688 76 1678 74 1678 73 1678 72 1678 70 1678 55 1688 55 1732"/></Shape>
	    <String CONTENT="Et le void on tant ſoit il bien caché:"
                    HPOS="54"
                    VPOS="1678"
                    WIDTH="792"
                    HEIGHT="105"
                    WC="0.997313021085201"></String>
          </TextLine>

          
          
          <TextLine ID="eSc_line_48d35af7"
                    TAGREFS="LT1585"
                    BASELINE="56 1817 804 1829" 
                    HPOS="55"
                    VPOS="1767"
                    WIDTH="749"
                    HEIGHT="102">
            <Shape><Polygon POINTS="56 1817 55 1837 207 1847 209 1847 210 1847 217 1844 221 1841 224 1844 238 1854 239 1854 240 1854 242 1854 300 1847 321 1844 325 1847 342 1862 342 1864 343 1864 344 1864 346 1864 481 1859 544 1866 545 1866 546 1866 570 1857 578 1853 582 1857 589 1862 589 1864 591 1864 592 1864 594 1864 595 1864 612 1859 636 1868 638 1868 639 1868 641 1868 659 1861 670 1869 671 1869 672 1869 674 1869 713 1862 760 1869 761 1869 762 1869 764 1869 771 1864 778 1857 800 1864 804 1829 804 1793 728 1793 724 1789 708 1778 707 1778 706 1778 704 1778 703 1778 668 1787 656 1790 634 1786 616 1783 614 1783 581 1785 517 1787 508 1782 502 1778 501 1778 499 1778 498 1778 497 1778 488 1781 472 1787 393 1779 391 1779 330 1785 314 1775 308 1771 307 1771 306 1771 304 1771 288 1774 250 1783 229 1772 224 1769 222 1769 221 1769 207 1771 144 1782 113 1768 112 1768 56 1767 56 1817"/></Shape>
	    <String CONTENT="Mais celuy la qui autruy vitupere"
                    HPOS="55"
                    VPOS="1767"
                    WIDTH="749"
                    HEIGHT="102"
                    WC="0.995023848432483"></String>
          </TextLine>

          
          
          <TextLine ID="eSc_line_970fc582"
                    TAGREFS="LT1585"
                    BASELINE="54 1894 890 1911" 
                    HPOS="52"
                    VPOS="1843"
                    WIDTH="838"
                    HEIGHT="102">
            <Shape><Polygon POINTS="54 1894 52 1912 88 1927 90 1927 91 1927 92 1927 94 1927 103 1919 120 1933 121 1933 123 1933 124 1933 126 1933 162 1915 184 1915 203 1931 203 1933 204 1933 206 1933 207 1933 209 1933 238 1923 275 1936 276 1936 278 1936 346 1919 358 1930 358 1931 360 1931 361 1931 402 1938 404 1938 405 1938 468 1920 527 1920 545 1940 545 1941 546 1941 548 1941 679 1944 681 1945 746 1945 746 1944 747 1944 749 1944 768 1927 887 1927 890 1911 890 1866 880 1858 880 1857 879 1857 877 1857 818 1855 816 1855 815 1855 794 1866 779 1873 722 1865 721 1865 684 1872 661 1862 653 1859 652 1859 650 1859 649 1859 641 1862 614 1871 505 1862 504 1862 470 1868 452 1858 450 1855 448 1855 447 1855 445 1855 427 1857 364 1865 347 1855 333 1846 332 1846 330 1846 329 1846 293 1854 265 1861 232 1861 224 1854 224 1853 222 1853 221 1853 220 1853 218 1853 199 1862 184 1851 174 1843 173 1843 171 1843 170 1843 54 1847 54 1894"/></Shape>
	    <String CONTENT="Eſt ſouuent plus que tous autres taché:"
                    HPOS="52"
                    VPOS="1843"
                    WIDTH="838"
                    HEIGHT="102"
                    WC="0.978116784989834"></String>
          </TextLine>

          
          
          <TextLine ID="eSc_line_76c7b209"
                    TAGREFS="LT1585"
                    BASELINE="52 1976 855 1995" 
                    HPOS="51"
                    VPOS="1923"
                    WIDTH="804"
                    HEIGHT="109">
            <Shape><Polygon POINTS="51 1995 114 1998 132 2016 132 2017 134 2017 135 2017 137 2017 138 2017 160 2006 191 2017 192 2017 193 2017 195 2017 196 2017 220 2002 224 2001 235 2003 285 2016 286 2016 288 2016 289 2016 315 2006 322 2003 325 2006 339 2019 339 2020 340 2020 342 2020 343 2020 344 2020 373 2009 389 2009 418 2010 432 2023 432 2024 433 2024 434 2024 436 2024 437 2024 465 2012 476 2008 508 2008 522 2014 541 2027 542 2027 544 2027 545 2027 591 2021 598 2027 598 2028 599 2028 600 2028 700 2031 702 2031 703 2031 704 2031 715 2023 725 2014 738 2023 749 2032 750 2032 751 2032 753 2032 854 2027 855 1995 854 1959 835 1941 814 1949 798 1941 798 1940 797 1940 796 1940 764 1940 762 1940 761 1940 760 1940 750 1948 742 1940 742 1938 740 1938 739 1938 715 1938 714 1938 713 1938 711 1938 695 1951 679 1938 679 1937 678 1937 677 1937 639 1937 638 1937 636 1937 635 1937 616 1949 610 1952 570 1952 533 1945 455 1931 454 1931 452 1931 451 1931 438 1942 436 1945 375 1947 361 1938 342 1929 340 1929 339 1929 337 1929 336 1929 325 1937 312 1947 285 1947 256 1937 254 1937 253 1937 202 1941 185 1933 184 1933 182 1933 181 1933 180 1933 170 1942 121 1942 98 1938 88 1929 84 1924 84 1923 83 1923 81 1923 80 1923 52 1926 52 1976"/></Shape>
	    <String CONTENT="Parquoy tu es (non ſans cauſe) faché,"
                    HPOS="51"
                    VPOS="1923"
                    WIDTH="804"
                    HEIGHT="109"></String>
          </TextLine>

          
          
          <TextLine ID="eSc_line_d9a533a6"
                    TAGREFS="LT1585"
                    BASELINE="51 2056 887 2074" 
                    HPOS="49"
                    VPOS="2009"
                    WIDTH="838"
                    HEIGHT="97">
            <Shape><Polygon POINTS="49 2067 174 2071 195 2081 196 2081 198 2081 199 2081 231 2073 242 2081 242 2082 243 2082 245 2082 246 2082 247 2082 261 2075 278 2091 279 2091 281 2091 372 2093 466 2095 468 2095 469 2095 554 2106 616 2093 617 2093 618 2093 652 2084 672 2099 674 2099 675 2099 677 2099 768 2096 769 2096 771 2096 771 2095 779 2088 785 2093 785 2095 786 2095 787 2095 789 2095 821 2089 843 2097 844 2097 846 2097 847 2097 886 2085 887 2074 887 2035 750 2034 749 2031 743 2027 743 2026 742 2026 740 2026 739 2026 738 2026 728 2030 721 2034 672 2028 649 2027 648 2027 646 2027 642 2028 632 2032 620 2027 603 2020 602 2020 581 2020 580 2020 578 2020 577 2020 577 2021 570 2026 564 2031 476 2030 470 2024 465 2020 465 2019 463 2019 462 2019 461 2019 459 2019 458 2019 452 2023 445 2028 402 2028 390 2021 375 2014 373 2014 310 2013 308 2013 307 2013 285 2019 263 2024 235 2017 228 2016 227 2016 225 2016 218 2017 192 2023 184 2016 180 2012 178 2012 177 2012 175 2012 174 2012 173 2012 168 2016 163 2021 119 2021 106 2014 99 2009 98 2009 96 2009 95 2009 51 2012 51 2056"/></Shape>
	    <String CONTENT="De voir vn ſot qui par gloire ou enuie"
                    HPOS="49"
                    VPOS="2009"
                    WIDTH="838"
                    HEIGHT="97"></String>
          </TextLine>

          
          
          <TextLine ID="eSc_line_ad7dd316"
                    TAGREFS="LT1585"
                    BASELINE="49 2135 598 2153 844 2153" 
                    HPOS="48"
                    VPOS="2081"
                    WIDTH="796"
                    HEIGHT="101">
            <Shape><Polygon POINTS="48 2150 84 2164 85 2164 87 2164 88 2164 128 2154 300 2169 301 2169 384 2160 386 2160 409 2172 411 2172 452 2174 454 2174 455 2174 456 2174 469 2163 487 2172 488 2172 552 2176 553 2176 555 2176 556 2176 570 2168 595 2178 596 2178 598 2178 632 2171 649 2179 650 2179 652 2179 707 2178 708 2178 735 2169 749 2182 750 2182 751 2182 753 2182 754 2182 778 2171 841 2171 844 2153 843 2121 801 2105 785 2118 767 2100 767 2099 765 2099 764 2099 715 2097 714 2097 713 2097 711 2097 711 2099 704 2104 690 2096 689 2096 688 2096 686 2096 649 2102 645 2096 643 2096 643 2095 642 2095 641 2095 607 2095 606 2095 605 2095 567 2113 531 2103 530 2103 528 2103 527 2103 497 2111 491 2103 490 2103 490 2102 488 2102 487 2102 486 2102 484 2102 461 2110 447 2097 445 2097 444 2097 443 2097 390 2109 389 2109 366 2099 365 2099 364 2099 362 2099 342 2106 314 2097 312 2097 311 2097 310 2097 308 2097 299 2106 250 2085 249 2085 247 2085 246 2085 245 2085 218 2102 200 2085 200 2084 199 2084 198 2084 196 2084 195 2084 167 2097 137 2081 135 2081 134 2081 132 2081 131 2081 114 2092 85 2085 84 2085 83 2085 81 2085 56 2096 49 2135"/></Shape>
	    <String CONTENT="Veult de chacun reprendre le peché:"
                    HPOS="48"
                    VPOS="2081"
                    WIDTH="796"
                    HEIGHT="101"
                    WC="0.972700749834379"></String>
          </TextLine>

          
          
          <TextLine ID="eSc_line_6520d4db"
                    TAGREFS="LT1585"
                    BASELINE="52 2216 477 2233 918 2237" 
                    HPOS="51"
                    VPOS="2161"
                    WIDTH="867"
                    HEIGHT="126">
            <Shape><Polygon POINTS="51 2247 157 2248 163 2251 192 2266 193 2266 195 2266 196 2266 198 2266 213 2254 216 2252 272 2252 279 2257 304 2273 306 2273 307 2273 335 2277 432 2279 433 2279 434 2279 436 2279 455 2262 461 2258 486 2264 567 2283 569 2283 732 2280 743 2287 744 2287 746 2287 747 2287 749 2287 779 2275 800 2266 915 2279 918 2237 918 2181 898 2181 897 2181 895 2181 894 2181 861 2198 841 2189 840 2189 839 2189 819 2192 807 2181 804 2179 804 2178 803 2178 801 2178 776 2178 775 2178 774 2178 772 2178 768 2181 733 2185 704 2196 690 2181 686 2176 686 2175 685 2175 684 2175 682 2175 681 2175 679 2175 671 2181 650 2193 628 2183 627 2183 625 2183 573 2192 562 2181 555 2174 555 2172 553 2172 552 2172 534 2172 533 2172 531 2172 530 2172 530 2174 523 2179 510 2190 452 2190 440 2179 427 2169 426 2169 425 2169 393 2168 288 2167 286 2167 285 2167 283 2167 267 2179 260 2185 222 2185 217 2179 213 2175 213 2174 211 2174 210 2174 209 2174 150 2178 119 2181 113 2178 81 2161 80 2161 78 2161 77 2161 76 2161 52 2174 52 2216"/></Shape>
	    <String CONTENT="Que ne prend il plus toſt garde à ſa vie?"
                    HPOS="51"
                    VPOS="2161"
                    WIDTH="867"
                    HEIGHT="126"
                    WC="0.997847628025782"></String>
          </TextLine>

          
        </TextBlock>
        
        <TextBlock HPOS="1130.0"
                   VPOS="2279.0"
                   WIDTH="118.0"
                   HEIGHT="69.0"
                   ID="block_3"
                   TAGREFS="BT4975">
          <Shape><Polygon POINTS="1130 2279 1248 2279 1248 2348 1130 2348 1130 2279"/></Shape>
          
          
          <TextLine ID="eSc_line_492a404e"
                    TAGREFS="LT1585"
                    BASELINE="1135 2326 1242 2322" 
                    HPOS="1134"
                    VPOS="2277"
                    WIDTH="108"
                    HEIGHT="76">
            <Shape><Polygon POINTS="1232 2293 1211 2279 1201 2277 1182 2280 1181 2280 1179 2280 1179 2282 1161 2301 1138 2301 1134 2312 1135 2326 1135 2351 1204 2353 1206 2353 1207 2353 1242 2340 1242 2322 1240 2313 1232 2293"/></Shape>
	    <String CONTENT="Au"
                    HPOS="1134"
                    VPOS="2277"
                    WIDTH="108"
                    HEIGHT="76"
                    WC="0.989500313997269"></String>
          </TextLine>

          
        </TextBlock>
        

        
      </PrintSpace>
    </Page>
  </Layout>
</alto>
