1515 2492
1369 58 35 95 3

205 245 1089 116 A SA SAINTE.

584 533 768 85 'AME celeste, laquelle ce Crea¬

576 616 775 78 teur admirable de l’Vniuers feit

576 699 772 85 par grande ſimilitude appro¬

574 779 776 94 cher de ſa perfection plus que

573 862 773 84 toutes les autres choſes creées,

577 948 769 80 estant empeſchee en ce corps ter

141 1028 1206 85 restre, s'efforce tous les iours de plus en plus à ſe

138 1107 1212 90 deſuelopper de ſa chair, pour par la contemplation

137 1192 1209 83 de l’ouurage du monde, venir de degré en degré à

137 1272 1213 88 la parfaite congnoiſſance de l’ouurier. Ce qui certes

137 1348 1207 98 eſt le principal but de ſon intention: & fault dire

137 1439 1206 89 que du tout la nature eſt deprauee en celuy qui ſe

137 1522 1200 83 ſent estre ſans tel deſir. Or ne viennent tous par

131 1604 1209 82 meſme chemin à celle congnoiſſance: car les vns

132 1683 1212 87 ſentent les effectz de la diuinité graues en vne cho

135 1766 1188 86 ſe, les autres en autre, ſelon meſme ce à quoy ilz

131 1846 1206 89 ſont par les ſuperieures puiſſances naturellement

130 1932 1203 83 inclinez. Parquoy ie ſuis maintenant contraint de

128 2011 1204 87 confeſſer, que vous (Dame qui par vostre indicible

127 2096 1206 85 ſainteté meritez le nom de Sainte) auez eſté cau¬

132 2180 1198 94 ſe, que mon Ame contemple mieux ſon facteur, que

929 2267 403 76 a 2 deuant
