1483 2468
193 67 55 65 30

569 47 403 78 REPOS

426 141 880 83 Au ſire Iean Chabert de Rommans.

274 256 1012 86 Quand l’amitié parfaite entre deux hommes,

270 338 887 88 Par faux rapport, deffaire ſe pourroit:

270 425 930 80 Helas, amy en ce temps ou nous ſommes,

275 510 829 67 Vieille amitié iamais on ne verroit.

270 584 890 83 L’amy, lequel auiourd'hui s’acquerroit,

270 671 775 77 Demain ſeroit pour ennemy tenu.

267 745 837 84 Ores le temps malheureux eſt venu,

271 826 914 89 Que lon meſdit ſans eſpargner perſonne.

271 909 829 86 En fin le bien ſera touſiours congnu,

268 988 832 85 Car c’eſt la fin qui baille la coronne.

502 1116 701 86 Pourquoy il eſcrit d’amour.

263 1214 897 89 Ie ne cherchois d’aucune amour eſcrire

264 1303 972 95 Lors que d’amour ie n'auois congnoiſſance:

263 1379 789 88 Or en parler chaſtement ie deſire,

263 1462 1073 88 Puis qu'amour chaſte en moy ha prins naiſſance:

264 1543 1021 88 Pourquoy du temps qu'en toy, illuſtre France,

262 1617 795 88 L’un haultement reſonne ſa Delie,

260 1700 880 86 L’autre ha par vers ſon Oliue anoblie,

260 1779 948 92 Et l’autre fait en ſes Erreurs complainte:

264 1861 823 91 L’eſprit deuot qui ſaintement s’allie

260 1945 752 89 Adore icy deuotement ſa Sainte.

657 2075 352 80 De ſa Sainte.

267 2167 933 102 Quand de ma Sainte vne fois ſuis abſent,

1366 2247 56 68 La
