1519 2496
124 37 1042 86 DE PLVS GRAND TRAVAIL.

1306 56 49 72 31

58 137 860 90 La ſouuenance en mon cœur imprimee

59 212 766 97 De ſa vertu par moy tant eſtimee

63 292 869 96 Me fait ietter des ſouſpirs plus de cent.

131 377 901 90 Quand mon eſprit preſente eſtre la ſent,

66 457 878 90 Il veult que l’œil ſus celle Sainte aymee

63 542 761 91 Iette du tout ſa veüe accouſtumee:

67 614 916 100 L'œil, qui void là ſon plus beau, y conſent.

124 707 962 95 Mais quand ie ſuis ſi pres que ie la touche,

65 784 924 90 Amour cruel me vient fermer la bouche,

67 870 915 89 Rendant mes ſens & mes eſprits tranſis.

131 954 803 84 Tacitement, au Dieu tout equitable

70 1030 734 95 Ie fais priere, à celle la ſemblable

73 1116 770 102 Que iadis feit la nymphe Salmacis.

206 1242 833 96 De ſon temps, & de ſon affection.

73 1370 961 81 Paul tiers du nom Eueſque des Rommains,

79 1451 868 89 Qui lieutenant de Dieu fut dit en terre,

74 1533 860 88 Laiſſe ça bas la chaire de ſaint Pierre,

74 1615 804 83 Laquelle il ha tenue des ans maints.

134 1698 880 88 De tous coſtez i’apperçois les humains

74 1781 976 88 Appareillez, à leur grand malheur querre,

77 1865 874 80 Pour en nouuelle & admirable guerre

76 1944 1021 93 Baigner au ſang de leur ſang, bras & mains.

140 2028 894 82 Et ce pendant mon ame ha en tout lieu,

77 2106 819 94 Par viue foy, eſperauce en ſon Dieu,

77 2188 855 101 Et à luy fait ſa priere, & complainte.

1165 2279 126 72 Souu
