1456 2462
154 43 62 84 32

546 38 406 74 REPOS

307 128 831 99 Souuentefois, dedens ſon ſacré temple

232 207 898 98 Elle l’adore, & ſaintement contemple,

231 294 873 97 En la vertu qu’il donne à vne Sainte.

548 443 422 90 Contre Amour.

221 560 860 88 Amour ſouffla contre moy tellement

224 636 935 98 Qu'il m'eſchauffa d’une ardente chaleur,

224 724 891 87 Chaleur qui fait eſtre immortellement

220 806 940 87 Dedens mon cœur vne extreme douleur:

220 879 794 96 Soudain apres il alla, ſouz couleur

218 969 945 93 De m'aggreer, ſouffler contre ma dame,

220 1043 932 101 Et feit geler de grand' froideur ſon ame,

218 1128 915 90 Voila pourquoy de moy il ne luy chault.

218 1207 1028 106 O faux Amour, eſt ce à tort qu'on te blaſme,

217 1288 957 100 Puis que de toy ſort le froid & le chauld?

585 1449 389 82 De ſon amour.

210 1597 992 93 La grande amour qui fait dedens mon ame

214 1680 734 87 Si viuement dure compunction,

209 1757 873 100 Eſt ce point vne ectaſe qui me paſme,

214 1843 713 82 Et me rauit en contemplation?

209 1920 813 89 Eſt ce fureur?eſt ce vne attraction

212 2001 825 93 Par les ſecretz de l’occulte Magie?

216 2081 818 96 Quoy que ce ſoit, c’eſt vne affection

217 2162 854 109 Plus vehemente & forte qu'energie.

1332 2254 66 78 De
