1469 2462
54 61 66 99 34

422 38 398 80 REPOS

162 142 941 85 De ce pourquoy ſans eſpoir i'ay martire:

164 221 848 82 Et toutesfois Amour me fait eſcrire

164 299 1094 96 De ton grand bien dont mon grand mal redonde,

164 384 983 82 Pour me monſtrer des malheureux le pire,

166 460 898 98 En te diſant le plus heureux du monde.

530 625 309 84 A ſa Sainte.

166 745 840 100 Ie penſois bien eſchauffer ta froideur

165 841 934 79 Dame qui tiens tant mon ame en eſmoy:

169 921 914 77 Ou pour le moins refroidir mon ardeur,

168 997 838 87 En le faiſant vn peu toucher à moy:

166 1080 1003 87 Mais ce pendant le froid s’augmente en toy:

169 1158 978 90 En moy le chauld de mon ardente flamme.

169 1246 815 83 O quel miracle eſt cecy que ie voy!

169 1326 973 92 Mon feu te gele, & ta glace m'enflamme.

362 1479 784 88 De la puiſſance de ſon Amour.

169 1589 889 93 Toutes les fois qu’au trauail de l’eſtude,

175 1683 828 78 Me repoſant tout endormi ie veille:

170 1760 931 83 Et que de loing ſa voix doucement rude,

169 1838 906 87 Ou le tintin des clefz qu'elle appareille,

169 1923 901 86 Tranſmet vn air ſonnant à mon oreille,

169 2006 694 75 Tant me rauit ſa recordation,

173 2081 835 89 Que mon eſprit de l’eſtude s'eſueille,

170 2169 801 89 Pour s'endormir en contemplation.

1265 2230 117 108 A ſa
