1523 2496
205 95 1045 98 DE PLVS GRAND TRAVAIL.

1403 138 56 101 35

442 183 542 94 A ſa Sainte. Sonet.

130 288 782 94 En iugement, en ſauoir & ſageſſe,

180 367 778 89 Tu ne dois rien à la Deeſſe armee.

176 446 771 93 La chaſteté en ſoy ſi bien fermee,

176 528 819 102 Te fait egale à la grand chaſſereſſe,

122 614 907 97 Mais tu retiens du corps ceſte allegreſſe,

170 696 856 97 En danſe, trop vn peu par toy aymee,

166 773 755 96 De la Deeſſe en Cypre reclamee,

163 855 991 107 De telz plaiſirs vains & legers maiſtreſſe.

113 938 851 95 Cent & cent fois ie meſdi de la danſe:

163 1016 893 104 Cauſe ſouuent (Dame ne t'en deſplaiſe)

165 1102 911 97 Que de toy faux oultre mon gré ie penſe.

108 1182 962 104 Mais le celeſte amour touſiours m'appaiſe,

158 1264 900 106 En m'aſſeurant que la peult ta preſence

159 1346 741 100 Santifier, tant ſoit elle mauuaiſe.

237 1479 865 110 De la perſeuerance de ſon Amour.

572 1565 183 78 Sonet.

98 1651 970 112 Ce grand Amour qui au beau de ma dame,

147 1740 878 101 De mon eſprit les yeux va conduiſant,

145 1816 898 104 Eſt vn Soleil, chauld, clair & reluiſant

147 1901 875 104 C’eſt proprement le Soleil de mon ame.

91 1973 854 115 Ce beau Soleil de ſa treſclaire flamme,

137 2067 910 97 Me fait tout voir mon vniuers plaiſant:

138 2145 823 104 Mais de ſon feu cruellement nuiſant,

138 2228 991 112 Trop ardemment il me brule & enflamme.

888 2362 123 54 C 2

1188 2351 103 65 Car
