1469 2462
46 78 70 81 36

400 67 400 78 REPOS

157 161 801 94 Car en ſon ciel il eſt monté ſi hault,

220 244 963 93 Que ie me ſens deſia fondre au plus chauld

220 328 815 86 De l'enragee & ardent' Canicule.

162 410 785 91 Et toutesfois à fin que ie languiſſe,

225 491 928 87 De plus en plus ſans faire aucun ſolſtice,

224 575 913 82 Touſiours il monte & iamais ne recule.

437 700 568 89 De ſa Sainte. Sonet.

164 838 922 85 Vn iour ma Sainte au temple ſaint oroit,

225 913 882 93 Au ciel montoit le bruit de ſon ſilence,

224 995 875 92 Comme vn Soleil reluiſoit ſa preſence,

221 1077 799 84 Et tout le lieu de ſon ombre doroit.

161 1161 878 92 L’image en crois de cil qu'elle adoroit,

222 1240 911 94 Signes monſtroit de grand' beniuolence.

227 1328 958 82 Saintes & Saints luy faiſoient reuerence,

199 1404 844 85 Et tout le temple honoré l’honoroit.

170 1485 851 90 Ce que i'en dy n'eſt pas nouuelle ſceue

227 1570 997 87 Par rapport d'autre, & n'en ſuis inuenteur:

227 1650 934 88 Car de mes yeux i'ay la choſe apperceue.

172 1732 857 88 Que ſi ie ſuis oultre mon gré menteur,

220 1813 816 82 Et que ma veüe en cela ſoit deceue,

225 1895 873 81 Tu es, Amour, vn terrible enchanteur.

440 2017 635 81 De ſon Amour. Sonet.

164 2113 775 83 Amour du ciel en terre deſcendit

222 2195 851 105 Ou l'obiect ſaint, à mes yeux adreſſa,

1196 2259 166 105 Duquel
