1523 2496
244 30 1047 80 DE PLVS GRAND TRAVAIL.

1441 70 52 60 37

233 122 887 95 Duquel l’image au ſens commun paſſa,

238 205 756 86 Qui au penſer fantaſtic la rendit.

177 284 713 84 Par le penſer l’intellect entendit

226 366 936 98 Ce parfait beau qu'autre onq ne ſurpaſſa:

221 447 820 91 En la memoire adonques l’enchaſſa,

223 525 702 92 Et de ſortir de là luy deffendit.

167 608 887 97 Deeſſe donq qui romps par ta puiſſance

217 694 925 89 En moy l’effort du temps, & de laquelle

219 777 1040 97 Neuf ſœurs que i'ay ſeruy ont prins naiſſance:

166 858 861 89 Fay les chanter auecques moy de celle,

217 940 957 93 Dont i’ay par toy touſiours la ſouuenance,

219 1021 933 93 Si qu'elle ſoit par noz chants immortelle.

456 1125 556 89 Du nom de ſa Sainte.

159 1231 875 89 D'autant que plus ie veux tenir ſecret

160 1317 994 94 Ce nom tant ſaint, tant digne &y venerable:

159 1399 935 100 Plus en mon cœur croiſt le mortel regret,

160 1472 804 92 Qui ſeroit doux s’il eſtoit reuelable.

156 1555 941 95 Paſteur Damon en ton chant lamentable,

155 1644 843 92 Ie parangonne à ton deuil ma miſere:

159 1720 849 95 Et ferois plainte à la tienne ſemblable,

159 1804 759 95 Si dire oſois le nom de ta bergere.

287 1903 951 99 Des cheueux de Iane Bourguignonne

471 1988 576 79 ſa couſine par alliance.

571 2078 338 86 A Zephyre.

153 2160 862 109 Vent qui n'as point chaleur trop lente,

996 2246 127 102 c 3

1302 2275 81 87 Ny
