<?xml version="1.0" encoding="UTF-8"?>
<alto xmlns:xsi="http://www.w3.org/2001/XMLSchema-instance"
      xmlns="http://www.loc.gov/standards/alto/ns-v4#"
      xsi:schemaLocation="http://www.loc.gov/standards/alto/ns-v4# http://www.loc.gov/standards/alto/v4/alto-4-2.xsd">
  <Description>
    <MeasurementUnit>pixel</MeasurementUnit>
    <sourceImageInformation>
      <fileName>38.jpg</fileName>
      
    </sourceImageInformation>
  </Description>
  
  <Tags>
    <OtherTag ID="BT4980" LABEL="TitlePageZone" DESCRIPTION="block type TitlePageZone"/><OtherTag ID="BT4979" LABEL="TableZone" DESCRIPTION="block type TableZone"/><OtherTag ID="BT4978" LABEL="StampZone" DESCRIPTION="block type StampZone"/><OtherTag ID="BT4977" LABEL="SealZone" DESCRIPTION="block type SealZone"/><OtherTag ID="BT4976" LABEL="RunningTitleZone" DESCRIPTION="block type RunningTitleZone"/><OtherTag ID="BT4975" LABEL="QuireMarksZone" DESCRIPTION="block type QuireMarksZone"/><OtherTag ID="BT4974" LABEL="NumberingZone" DESCRIPTION="block type NumberingZone"/><OtherTag ID="BT4973" LABEL="MusicZone" DESCRIPTION="block type MusicZone"/><OtherTag ID="BT4972" LABEL="MarginTextZone" DESCRIPTION="block type MarginTextZone"/><OtherTag ID="BT4971" LABEL="MainZone" DESCRIPTION="block type MainZone"/><OtherTag ID="BT4970" LABEL="DropCapitalZone" DESCRIPTION="block type DropCapitalZone"/><OtherTag ID="BT4969" LABEL="DigitizationArtefactZone" DESCRIPTION="block type DigitizationArtefactZone"/><OtherTag ID="BT4968" LABEL="GraphicZone" DESCRIPTION="block type GraphicZone"/><OtherTag ID="BT4967" LABEL="DamageZone" DESCRIPTION="block type DamageZone"/><OtherTag ID="BT4966" LABEL="CustomZone" DESCRIPTION="block type CustomZone"/>
    <OtherTag ID="LT1589" LABEL="MusicLine" DESCRIPTION="line type MusicLine"/><OtherTag ID="LT1588" LABEL="InterlinearLine" DESCRIPTION="line type InterlinearLine"/><OtherTag ID="LT1587" LABEL="HeadingLine" DESCRIPTION="line type HeadingLine"/><OtherTag ID="LT1586" LABEL="DropCapitalLine" DESCRIPTION="line type DropCapitalLine"/><OtherTag ID="LT1585" LABEL="DefaultLine" DESCRIPTION="line type DefaultLine"/><OtherTag ID="LT1584" LABEL="CustomLine" DESCRIPTION="line type CustomLine"/>
  </Tags>
  
  <Layout>
    <Page WIDTH="1475"
          HEIGHT="2473"
          PHYSICAL_IMG_NR="37"
          ID="eSc_dummypage_">
      <PrintSpace HPOS="0"
                  VPOS="0"
                  WIDTH="1475"
                  HEIGHT="2473">
        
        <TextBlock HPOS="39"
                   VPOS="31"
                   WIDTH="71"
                   HEIGHT="53"
                   ID="eSc_textblock_d37172d0"
                   TAGREFS="BT4974">
          <Shape><Polygon POINTS="110 84 110 31 39 31 39 84"/></Shape>
          
          
          <TextLine ID="eSc_line_1a1746a4"
                    TAGREFS="LT1585"
                    BASELINE="55 81 111 65" 
                    HPOS="33"
                    VPOS="0"
                    WIDTH="88"
                    HEIGHT="125">
            <Shape><Polygon POINTS="72 2 51 2 33 18 53 80 66 125 121 117 109 63 88 0 72 2"/></Shape>
	    <String CONTENT="38"
                    HPOS="33"
                    VPOS="0"
                    WIDTH="88"
                    HEIGHT="125"></String>
          </TextLine>

          
        </TextBlock>
        
        <TextBlock HPOS="388"
                   VPOS="18"
                   WIDTH="443"
                   HEIGHT="61"
                   ID="block_1"
                   TAGREFS="BT4976">
          <Shape><Polygon POINTS="831 18 831 79 388 79 388 18"/></Shape>
          
          
          <TextLine ID="eSc_line_35b8cb2d"
                    TAGREFS="LT1587"
                    BASELINE="416 60 821 68" 
                    HPOS="412"
                    VPOS="18"
                    WIDTH="406"
                    HEIGHT="60">
            <Shape><Polygon POINTS="783 18 763 18 742 18 722 18 701 18 680 18 660 18 639 18 618 18 598 18 577 18 556 18 536 18 515 18 495 18 474 18 453 18 433 18 414 18 414 59 412 78 816 78 818 65 818 18 804 18"/></Shape>
	    <String CONTENT="REPOS"
                    HPOS="412"
                    VPOS="18"
                    WIDTH="406"
                    HEIGHT="60"
                    WC="0.9985396027565"></String>
          </TextLine>

          
        </TextBlock>
        
        <TextBlock HPOS="131"
                   VPOS="84"
                   WIDTH="884"
                   HEIGHT="2156"
                   ID="block_0"
                   TAGREFS="BT4971">
          <Shape><Polygon POINTS="1015 84 1015 2240 131 2240 131 84"/></Shape>
          
          
          <TextLine ID="eSc_line_43269a17"
                    TAGREFS="LT1585"
                    BASELINE="162 153 786 156" 
                    HPOS="160"
                    VPOS="96"
                    WIDTH="626"
                    HEIGHT="86">
            <Shape><Polygon POINTS="162 153 160 170 170 177 171 177 173 177 174 177 175 177 197 167 199 167 210 178 210 179 211 179 213 179 214 181 273 181 273 179 274 179 276 179 288 170 292 167 299 170 320 178 321 178 323 178 324 178 325 178 334 171 340 166 376 171 391 174 393 174 394 174 395 174 397 173 411 166 472 166 500 166 509 175 516 181 518 181 519 181 520 182 563 182 563 181 564 181 577 177 606 167 709 179 713 179 714 179 716 179 717 179 729 168 783 181 786 156 786 115 768 107 767 107 765 107 718 111 698 97 696 97 695 97 652 97 651 97 650 97 648 97 648 98 632 114 632 115 519 115 518 114 501 107 500 107 498 107 427 112 380 96 379 96 272 96 270 96 269 96 247 108 224 96 222 96 221 96 219 96 162 111 162 153"/></Shape>
	    <String CONTENT="Ny froidure trop violente,"
                    HPOS="160"
                    VPOS="96"
                    WIDTH="626"
                    HEIGHT="86"
                    WC="0.985273248874224"></String>
          </TextLine>

          
          
          <TextLine ID="eSc_line_803fb226"
                    TAGREFS="LT1585"
                    BASELINE="160 236 824 236" 
                    HPOS="160"
                    VPOS="181"
                    WIDTH="664"
                    HEIGHT="81">
            <Shape><Polygon POINTS="160 248 203 258 204 258 206 258 207 258 221 250 222 250 299 250 301 250 310 259 310 261 312 261 313 261 314 261 350 259 351 259 353 259 362 251 364 250 364 251 380 261 382 261 383 261 384 261 428 251 438 250 531 250 540 252 564 261 566 261 567 262 619 262 619 261 621 261 640 252 647 250 651 252 662 261 663 261 665 261 666 261 705 254 717 251 729 254 753 259 754 259 756 259 757 259 758 259 758 258 764 254 765 252 769 254 794 261 795 261 797 261 824 254 824 236 824 189 817 186 816 186 815 186 813 186 812 186 812 188 808 190 801 199 622 199 613 192 608 188 607 188 606 188 604 188 603 188 592 192 577 197 573 192 564 185 564 184 563 184 562 184 527 184 526 184 525 184 523 184 523 185 515 192 499 181 459 199 453 193 445 185 445 184 444 184 442 184 408 184 406 184 405 184 404 184 390 193 384 197 378 193 371 188 369 188 368 188 367 188 324 192 301 185 299 185 298 185 296 185 295 185 295 186 285 193 283 197 265 197 259 193 236 184 235 184 188 184 186 184 185 184 160 193 160 236"/></Shape>
	    <String CONTENT="Mais qui ſuis à la primeuere"
                    HPOS="160"
                    VPOS="181"
                    WIDTH="664"
                    HEIGHT="81"
                    WC="0.985561549663544"></String>
          </TextLine>

          
          
          <TextLine ID="eSc_line_2213b093"
                    TAGREFS="LT1585"
                    BASELINE="160 315 787 318" 
                    HPOS="159"
                    VPOS="255"
                    WIDTH="628"
                    HEIGHT="78">
            <Shape><Polygon POINTS="160 315 159 326 175 333 177 333 178 333 786 331 787 318 786 276 698 276 694 273 666 259 665 259 663 259 662 259 637 266 618 256 617 256 615 256 614 256 613 256 592 270 584 276 477 276 467 267 452 255 450 255 449 255 423 255 422 255 420 255 419 255 404 266 400 269 397 266 384 255 383 255 382 255 357 255 356 255 354 255 335 265 317 274 299 274 288 263 281 256 281 255 280 255 279 255 277 255 276 255 261 262 257 265 254 262 247 256 247 255 246 255 244 255 243 255 160 259 160 315"/></Shape>
	    <String CONTENT="Phebus de lumiere le Pere:"
                    HPOS="159"
                    VPOS="255"
                    WIDTH="628"
                    HEIGHT="78"
                    WC="0.982123338259183"></String>
          </TextLine>

          
          
          <TextLine ID="eSc_line_c64545f9"
                    TAGREFS="LT1585"
                    BASELINE="163 395 844 399" 
                    HPOS="162"
                    VPOS="339"
                    WIDTH="682"
                    HEIGHT="82">
            <Shape><Polygon POINTS="163 395 162 405 266 406 270 408 299 417 301 417 302 417 303 417 323 409 325 409 331 410 390 420 391 420 393 420 424 412 438 409 459 413 497 420 498 420 500 420 519 414 527 412 530 414 537 420 538 420 540 420 541 420 573 416 591 413 614 416 646 421 647 421 648 421 657 417 670 410 676 416 676 417 677 417 679 417 680 417 756 412 841 421 844 399 844 358 811 358 809 357 786 340 784 340 783 340 782 340 706 343 705 343 703 343 688 354 670 340 669 340 668 340 637 340 636 340 635 340 633 340 621 350 593 347 592 347 591 347 589 347 589 348 584 354 582 355 578 354 564 348 563 348 562 348 560 348 559 348 553 354 551 355 478 355 475 353 463 340 463 339 461 339 460 339 427 339 426 339 424 339 423 339 408 351 401 355 306 354 299 350 287 342 285 342 284 342 283 342 163 347 163 395"/></Shape>
	    <String CONTENT="O Vent mollet, vent froidelet,"
                    HPOS="162"
                    VPOS="339"
                    WIDTH="682"
                    HEIGHT="82"
                    WC="0.97573766708374"></String>
          </TextLine>

          
          
          <TextLine ID="eSc_line_006849f7"
                    TAGREFS="LT1585"
                    BASELINE="164 476 866 479" 
                    HPOS="163"
                    VPOS="423"
                    WIDTH="703"
                    HEIGHT="79">
            <Shape><Polygon POINTS="164 476 163 487 191 500 192 500 193 501 250 501 250 500 251 500 252 500 268 489 327 500 328 500 329 500 349 491 360 500 361 500 362 500 364 500 365 500 406 489 475 498 477 498 511 491 516 498 518 498 518 500 519 500 520 500 522 500 596 490 640 501 641 501 643 501 769 490 782 500 782 501 783 501 784 501 786 502 811 502 811 501 864 489 866 479 866 438 848 430 846 430 845 430 844 430 842 430 830 438 826 441 817 438 779 424 778 424 776 424 775 424 773 424 756 438 751 442 584 442 580 438 560 424 559 424 558 424 527 424 526 424 525 424 523 424 504 438 501 441 483 441 482 438 466 424 466 423 464 423 463 423 417 423 416 423 415 423 413 423 393 438 364 432 362 432 361 432 360 432 351 438 334 423 332 423 331 423 288 423 287 423 285 423 284 423 258 439 257 439 196 423 195 423 193 423 192 423 164 436 164 476"/></Shape>
	    <String CONTENT="Qui d’une blanche comme lait"
                    HPOS="163"
                    VPOS="423"
                    WIDTH="703"
                    HEIGHT="79"
                    WC="0.997578056795256"></String>
          </TextLine>

          
          
          <TextLine ID="eSc_line_3512adeb"
                    TAGREFS="LT1585"
                    BASELINE="160 559 918 564" 
                    HPOS="159"
                    VPOS="504"
                    WIDTH="759"
                    HEIGHT="90">
            <Shape><Polygon POINTS="159 570 185 578 186 578 188 578 189 578 207 571 211 570 215 571 226 577 228 577 229 577 251 572 269 568 274 572 281 578 283 578 284 578 285 578 327 574 351 571 362 574 376 579 378 579 379 579 438 575 539 594 578 579 602 583 603 583 630 579 688 571 732 582 745 585 746 585 747 586 801 586 801 585 802 585 806 583 828 572 859 585 860 585 861 585 863 586 916 586 918 564 916 524 881 523 859 508 857 508 856 508 855 508 853 508 812 519 789 508 787 508 786 508 784 508 746 522 742 523 728 522 629 511 628 511 626 511 603 520 600 522 515 522 514 520 496 505 494 505 493 505 466 505 464 505 463 505 461 505 461 506 446 519 445 520 373 519 332 517 317 504 316 504 314 504 254 504 252 504 251 504 250 504 233 516 181 504 180 504 178 504 177 504 160 513 160 559"/></Shape>
	    <String CONTENT="Les cheueux longs &amp; creſpelus,"
                    HPOS="159"
                    VPOS="504"
                    WIDTH="759"
                    HEIGHT="90"
                    WC="0.972282312313716"></String>
          </TextLine>

          
          
          <TextLine ID="eSc_line_110972cb"
                    TAGREFS="LT1585"
                    BASELINE="160 640 877 645" 
                    HPOS="159"
                    VPOS="583"
                    WIDTH="718"
                    HEIGHT="84">
            <Shape><Polygon POINTS="160 640 159 649 178 660 180 660 207 662 208 662 210 662 211 662 224 652 262 652 274 663 276 663 277 663 279 663 347 652 398 652 400 652 405 658 405 659 406 659 408 659 409 659 483 653 514 652 519 655 531 663 533 663 534 663 536 663 537 663 556 655 562 653 636 653 640 656 647 663 647 664 648 664 650 664 696 667 698 667 875 660 877 645 875 604 835 601 815 588 813 588 812 588 789 588 787 588 786 588 784 588 784 589 776 596 771 590 769 590 768 590 767 590 765 590 729 600 703 590 702 590 701 590 641 601 607 586 606 586 577 586 575 586 574 586 573 586 549 601 548 601 526 601 464 599 457 592 457 590 456 590 455 590 453 590 452 590 431 600 431 601 351 601 350 600 334 585 334 583 332 583 331 583 329 583 274 590 232 583 230 583 229 583 228 583 214 594 185 589 184 589 182 589 160 597 160 640"/></Shape>
	    <String CONTENT="Reluiſans comme l’or, &amp; plus,"
                    HPOS="159"
                    VPOS="583"
                    WIDTH="718"
                    HEIGHT="84"
                    WC="0.986046914396615"></String>
          </TextLine>

          
          
          <TextLine ID="eSc_line_d9f41538"
                    TAGREFS="LT1585"
                    BASELINE="160 719 866 725" 
                    HPOS="159"
                    VPOS="669"
                    WIDTH="707"
                    HEIGHT="79">
            <Shape><Polygon POINTS="159 732 195 744 196 744 197 746 224 746 224 744 225 744 226 744 241 733 243 733 368 733 371 735 390 746 391 746 393 746 394 746 431 736 438 735 444 736 467 746 468 746 470 746 512 737 520 736 523 737 541 747 542 747 544 747 586 746 588 746 602 739 606 736 629 739 701 748 702 748 703 748 705 748 717 740 723 737 743 737 749 740 760 748 761 748 762 748 764 748 795 741 811 737 820 741 837 748 838 748 839 748 841 748 864 741 866 725 864 688 760 688 757 686 745 680 743 680 742 680 696 686 691 686 690 686 672 671 670 671 669 671 625 671 624 671 622 671 621 671 607 681 591 671 589 671 588 671 529 678 521 676 513 672 501 677 500 677 498 677 497 677 496 677 474 682 413 674 412 674 356 684 350 684 340 684 202 669 200 669 199 669 160 681 160 719"/></Shape>
	    <String CONTENT="Eſuentes &amp;y cà &amp; là meines,"
                    HPOS="159"
                    VPOS="669"
                    WIDTH="707"
                    HEIGHT="79"
                    WC="0.988619350153824"></String>
          </TextLine>

          
          
          <TextLine ID="eSc_line_907c8f9e"
                    TAGREFS="LT1585"
                    BASELINE="162 799 937 805" 
                    HPOS="160"
                    VPOS="751"
                    WIDTH="777"
                    HEIGHT="82">
            <Shape><Polygon POINTS="162 799 160 814 197 829 199 829 200 831 247 831 247 829 248 829 250 829 263 818 284 828 285 828 287 828 288 828 302 822 356 829 357 829 358 829 360 829 375 818 430 817 445 827 446 827 448 827 449 828 482 828 482 827 544 817 559 827 560 827 562 827 563 827 564 827 582 818 639 818 674 832 676 832 677 833 724 833 724 832 725 832 727 832 745 818 866 832 867 832 868 832 870 832 870 831 878 822 936 818 937 805 936 765 892 758 890 758 889 758 874 763 863 769 778 769 773 763 771 762 771 761 769 761 768 761 767 761 765 761 758 763 747 768 670 768 663 763 659 759 658 759 657 759 655 759 654 759 644 762 636 766 633 762 624 755 624 754 622 754 621 754 592 754 591 754 589 754 588 754 577 762 573 766 558 762 523 752 522 752 520 752 519 752 489 762 479 765 477 762 467 754 467 752 466 752 464 752 435 752 434 752 433 752 431 752 419 762 412 766 378 766 368 761 345 751 343 751 342 751 261 755 259 755 258 755 258 757 252 761 250 763 243 761 215 751 214 751 213 751 162 759 162 799"/></Shape>
	    <String CONTENT="Quand par le monde te promeines"
                    HPOS="160"
                    VPOS="751"
                    WIDTH="777"
                    HEIGHT="82"
                    WC="0.981764987591774"></String>
          </TextLine>

          
          
          <TextLine ID="eSc_line_d9bbaa14"
                    TAGREFS="LT1585"
                    BASELINE="156 883 877 888" 
                    HPOS="155"
                    VPOS="833"
                    WIDTH="722"
                    HEIGHT="76">
            <Shape><Polygon POINTS="156 883 155 898 173 905 174 905 175 905 236 898 251 897 266 898 336 906 338 906 339 906 362 899 368 898 511 898 515 901 530 908 531 908 533 908 564 901 575 899 622 902 751 909 753 909 875 904 877 888 877 849 852 838 850 838 849 838 749 847 738 847 732 846 696 836 695 836 662 836 661 836 659 836 658 836 650 844 637 838 636 838 635 838 603 843 589 846 585 843 577 838 575 838 574 838 573 838 571 838 570 838 564 843 558 847 516 847 492 840 475 838 474 838 472 838 466 840 455 846 354 846 324 838 323 838 321 838 291 843 283 836 281 835 281 833 280 833 279 833 277 833 263 835 233 840 156 833 156 883"/></Shape>
	    <String CONTENT="Tout ioyeux auec ton doux cry,"
                    HPOS="155"
                    VPOS="833"
                    WIDTH="722"
                    HEIGHT="76"
                    WC="0.990440368652344"></String>
          </TextLine>

          
          
          <TextLine ID="eSc_line_30d5d143"
                    TAGREFS="LT1585"
                    BASELINE="162 964 758 967 882 972" 
                    HPOS="160"
                    VPOS="916"
                    WIDTH="722"
                    HEIGHT="80">
            <Shape><Polygon POINTS="160 978 288 979 290 980 301 991 301 993 302 993 303 993 305 993 400 983 402 983 406 983 460 991 461 991 463 991 478 985 481 983 481 985 490 993 490 994 492 994 493 994 494 996 522 996 522 994 523 994 525 994 525 993 533 986 558 990 559 990 560 990 571 986 584 982 593 987 607 994 608 994 610 994 655 987 690 983 705 989 723 996 724 996 725 996 881 991 882 972 881 922 817 921 816 921 765 930 758 930 757 928 743 919 742 919 740 919 739 919 738 919 720 928 713 932 663 932 619 926 593 923 592 923 574 924 538 930 530 924 523 917 522 917 520 917 453 917 452 917 450 917 437 921 417 927 384 920 360 916 358 916 357 916 350 920 336 927 298 920 296 920 295 920 279 927 162 916 162 964"/></Shape>
	    <String CONTENT="Vois tu point, dy moy, ie te pry&#x27;,"
                    HPOS="160"
                    VPOS="916"
                    WIDTH="722"
                    HEIGHT="80"></String>
          </TextLine>

          
          
          <TextLine ID="eSc_line_ff020109"
                    TAGREFS="LT1585"
                    BASELINE="156 1048 859 1051" 
                    HPOS="155"
                    VPOS="993"
                    WIDTH="704"
                    HEIGHT="81">
            <Shape><Polygon POINTS="156 1048 155 1062 167 1068 169 1068 170 1068 232 1062 235 1062 246 1071 246 1073 247 1073 248 1073 250 1074 285 1074 285 1073 287 1073 305 1063 306 1063 371 1073 372 1073 373 1073 375 1073 386 1064 390 1062 463 1062 481 1066 507 1073 508 1073 509 1073 511 1073 512 1073 519 1066 525 1063 562 1063 570 1067 584 1074 585 1074 586 1074 665 1068 749 1063 856 1071 859 1051 857 1011 754 1011 754 1009 739 996 739 994 738 994 736 994 716 994 714 994 713 994 681 1009 668 996 668 994 666 994 665 994 636 994 635 994 633 994 600 1009 599 1011 512 1011 507 1009 477 1005 466 994 466 993 464 993 463 993 428 993 427 993 426 993 383 1008 360 993 358 993 357 993 331 993 329 993 328 993 327 993 327 994 312 1009 281 1009 281 1008 263 997 262 997 261 997 259 997 258 997 235 1004 177 993 175 993 174 993 173 993 156 1004 156 1048"/></Shape>
	    <String CONTENT="En quelque lieu vn plus benin,"
                    HPOS="155"
                    VPOS="993"
                    WIDTH="704"
                    HEIGHT="81"
                    WC="0.966435567537944"></String>
          </TextLine>

          
          
          <TextLine ID="eSc_line_89409ff7"
                    TAGREFS="LT1585"
                    BASELINE="158 1127 859 1130" 
                    HPOS="156"
                    VPOS="1078"
                    WIDTH="703"
                    HEIGHT="74">
            <Shape><Polygon POINTS="158 1127 156 1140 226 1151 228 1151 303 1148 305 1148 306 1148 306 1147 310 1143 313 1141 320 1144 347 1151 349 1151 350 1151 351 1151 372 1144 383 1141 472 1147 538 1149 540 1149 558 1148 597 1143 622 1148 636 1152 637 1152 639 1152 685 1149 764 1145 794 1151 795 1151 797 1151 798 1151 808 1143 856 1152 859 1130 857 1094 809 1094 809 1093 787 1083 786 1083 784 1083 783 1083 782 1083 768 1093 767 1093 764 1093 728 1092 703 1079 702 1079 669 1079 668 1079 666 1079 640 1093 636 1093 574 1085 573 1085 531 1093 526 1093 503 1093 384 1088 373 1078 372 1078 371 1078 369 1078 237 1092 232 1092 230 1092 192 1078 191 1078 189 1078 188 1078 158 1090 158 1127"/></Shape>
	    <String CONTENT="Et meilleur maintien feminin,"
                    HPOS="156"
                    VPOS="1078"
                    WIDTH="703"
                    HEIGHT="74"
                    WC="0.985089610362875"></String>
          </TextLine>

          
          
          <TextLine ID="eSc_line_9fc7cf95"
                    TAGREFS="LT1585"
                    BASELINE="158 1210 805 1210" 
                    HPOS="158"
                    VPOS="1158"
                    WIDTH="647"
                    HEIGHT="79">
            <Shape><Polygon POINTS="158 1210 158 1221 185 1229 186 1229 188 1229 189 1229 191 1229 199 1222 225 1229 226 1229 228 1229 288 1222 336 1236 338 1236 339 1237 375 1237 375 1236 376 1236 378 1236 378 1235 389 1225 405 1231 406 1231 408 1231 409 1231 411 1231 422 1222 490 1235 492 1235 493 1235 525 1222 575 1236 577 1236 578 1237 621 1237 621 1236 622 1236 644 1225 654 1235 654 1236 655 1236 657 1236 658 1237 696 1237 696 1236 698 1236 699 1236 712 1226 761 1235 762 1235 764 1235 805 1221 805 1210 805 1173 734 1173 734 1171 718 1159 718 1158 717 1158 716 1158 714 1158 639 1171 633 1173 552 1173 549 1170 531 1163 530 1163 529 1163 527 1163 514 1170 512 1171 512 1170 498 1159 498 1158 497 1158 496 1158 471 1158 470 1158 468 1158 467 1158 467 1159 455 1170 453 1171 426 1170 422 1170 409 1159 409 1158 408 1158 406 1158 364 1158 362 1158 361 1158 332 1169 325 1173 285 1173 280 1169 269 1162 268 1162 266 1162 265 1162 263 1162 239 1169 228 1171 221 1169 199 1159 197 1159 196 1159 158 1167 158 1210"/></Shape>
	    <String CONTENT="Ou vne plus douce perſonne"
                    HPOS="158"
                    VPOS="1158"
                    WIDTH="647"
                    HEIGHT="79"
                    WC="0.996678235439154"></String>
          </TextLine>

          
          
          <TextLine ID="eSc_line_f79e4472"
                    TAGREFS="LT1585"
                    BASELINE="159 1292 914 1290" 
                    HPOS="158"
                    VPOS="1240"
                    WIDTH="756"
                    HEIGHT="84">
            <Shape><Polygon POINTS="159 1303 236 1321 237 1321 239 1321 240 1321 265 1303 266 1303 405 1303 424 1320 424 1321 426 1321 427 1321 428 1323 464 1323 464 1321 466 1321 533 1302 537 1302 541 1302 624 1320 625 1321 695 1321 695 1320 696 1320 729 1324 757 1322 782 1303 808 1320 809 1320 811 1320 812 1321 835 1321 835 1320 837 1320 838 1320 853 1307 871 1312 872 1312 874 1312 875 1312 877 1312 886 1303 899 1313 900 1313 901 1313 903 1313 904 1313 905 1313 905 1312 914 1303 914 1290 910 1240 855 1251 751 1244 750 1244 717 1251 707 1244 707 1243 706 1243 705 1243 703 1243 702 1243 701 1243 701 1244 691 1252 629 1252 592 1246 549 1240 548 1240 547 1240 529 1247 516 1252 505 1248 492 1241 490 1241 489 1241 424 1250 398 1252 387 1250 365 1244 364 1244 362 1244 361 1244 343 1251 339 1252 329 1251 287 1246 285 1246 284 1246 269 1252 268 1252 188 1241 186 1241 185 1241 158 1252 159 1292"/></Shape>
	    <String CONTENT="Que ma couſine Bourguignonne?"
                    HPOS="158"
                    VPOS="1240"
                    WIDTH="756"
                    HEIGHT="84"
                    WC="0.970754234955229"></String>
          </TextLine>

          
          
          <TextLine ID="eSc_line_a1ff0581"
                    TAGREFS="LT1585"
                    BASELINE="156 1375 846 1375" 
                    HPOS="156"
                    VPOS="1327"
                    WIDTH="690"
                    HEIGHT="72">
            <Shape><Polygon POINTS="156 1375 156 1386 197 1389 207 1398 208 1398 210 1398 211 1398 269 1387 270 1387 320 1398 321 1398 323 1398 353 1387 354 1387 445 1387 446 1387 463 1398 464 1398 466 1398 467 1399 500 1399 500 1398 501 1398 503 1398 503 1397 511 1390 522 1398 523 1398 525 1398 526 1398 641 1389 657 1387 665 1389 709 1397 710 1397 749 1390 758 1398 760 1398 761 1398 762 1398 764 1398 793 1389 797 1387 801 1389 824 1398 826 1398 827 1398 828 1398 846 1389 846 1375 846 1334 816 1327 815 1327 813 1327 233 1334 173 1327 171 1327 170 1327 156 1334 156 1375"/></Shape>
	    <String CONTENT="Dy moy ie te pry encor Vent,"
                    HPOS="156"
                    VPOS="1327"
                    WIDTH="690"
                    HEIGHT="72"
                    WC="0.997866790209498"></String>
          </TextLine>

          
          
          <TextLine ID="eSc_line_3a8a95e5"
                    TAGREFS="LT1585"
                    BASELINE="155 1456 911 1453" 
                    HPOS="153"
                    VPOS="1401"
                    WIDTH="758"
                    HEIGHT="80">
            <Shape><Polygon POINTS="155 1456 155 1470 208 1467 214 1470 225 1479 226 1479 228 1479 229 1481 262 1481 262 1479 263 1479 265 1479 276 1470 279 1467 285 1470 305 1478 306 1478 307 1478 309 1478 310 1478 320 1470 325 1467 357 1467 361 1470 368 1475 369 1475 371 1475 372 1475 422 1470 444 1467 449 1470 464 1476 466 1476 467 1476 518 1468 541 1465 551 1468 564 1474 566 1474 567 1474 569 1474 581 1468 585 1467 589 1468 608 1478 610 1478 611 1478 613 1478 633 1468 639 1465 644 1468 659 1476 661 1476 662 1476 663 1476 683 1471 769 1478 771 1478 772 1478 773 1478 783 1470 795 1478 797 1478 798 1478 800 1479 875 1479 875 1478 877 1478 911 1467 911 1453 907 1412 797 1412 795 1412 780 1401 779 1401 778 1401 740 1401 739 1401 738 1401 736 1401 721 1410 635 1405 633 1405 589 1412 533 1402 531 1402 530 1402 529 1402 512 1413 511 1413 508 1413 468 1404 467 1404 466 1404 464 1404 450 1413 449 1415 417 1415 413 1413 349 1402 347 1402 346 1402 345 1402 331 1410 252 1404 251 1404 250 1404 248 1404 248 1405 239 1415 211 1415 182 1402 181 1402 180 1402 178 1402 153 1412 155 1456"/></Shape>
	    <String CONTENT="Si quand tu tournes tant ſouuent"
                    HPOS="153"
                    VPOS="1401"
                    WIDTH="758"
                    HEIGHT="80"
                    WC="0.979874435812235"></String>
          </TextLine>

          
          
          <TextLine ID="eSc_line_1b817540"
                    TAGREFS="LT1585"
                    BASELINE="152 1538 775 1534" 
                    HPOS="151"
                    VPOS="1478"
                    WIDTH="624"
                    HEIGHT="78">
            <Shape><Polygon POINTS="152 1538 152 1548 204 1556 206 1556 207 1556 222 1549 225 1548 228 1549 241 1556 243 1556 244 1556 246 1556 247 1556 257 1549 262 1546 279 1549 306 1555 307 1555 334 1551 360 1545 380 1551 395 1555 397 1555 398 1555 400 1555 401 1555 406 1551 415 1545 424 1551 433 1555 434 1555 435 1555 437 1555 438 1555 444 1551 453 1545 467 1552 475 1555 477 1555 478 1555 494 1552 523 1545 533 1552 534 1553 536 1553 537 1553 538 1555 581 1555 581 1553 582 1553 584 1553 584 1552 592 1546 673 1552 674 1552 720 1544 732 1553 734 1553 735 1553 736 1555 773 1555 775 1534 772 1496 703 1494 668 1478 666 1478 665 1478 663 1478 662 1478 639 1496 624 1496 564 1478 563 1478 562 1478 560 1478 559 1478 531 1497 511 1479 509 1479 508 1479 468 1479 467 1479 466 1479 464 1479 464 1481 453 1492 437 1485 435 1485 434 1485 433 1485 431 1485 417 1494 400 1479 398 1479 397 1479 372 1479 371 1479 369 1479 332 1498 294 1498 269 1486 268 1486 266 1486 265 1486 248 1493 237 1482 237 1481 236 1481 235 1481 215 1481 214 1481 213 1481 211 1481 211 1482 193 1498 193 1500 151 1500 152 1538"/></Shape>
	    <String CONTENT="Autour de celle cheuelure,"
                    HPOS="151"
                    VPOS="1478"
                    WIDTH="624"
                    HEIGHT="78"
                    WC="0.984108597040176"></String>
          </TextLine>

          
          
          <TextLine ID="eSc_line_cf9354d7"
                    TAGREFS="LT1585"
                    BASELINE="153 1615 925 1618" 
                    HPOS="152"
                    VPOS="1560"
                    WIDTH="773"
                    HEIGHT="87">
            <Shape><Polygon POINTS="153 1615 152 1629 207 1641 208 1641 210 1641 233 1630 236 1629 265 1629 268 1630 292 1644 294 1644 295 1645 375 1645 375 1644 376 1644 378 1644 391 1632 398 1632 431 1629 536 1629 548 1633 562 1637 563 1637 564 1637 604 1633 632 1630 637 1633 652 1645 654 1645 655 1645 657 1647 695 1647 695 1645 696 1645 698 1645 698 1644 706 1637 732 1645 734 1645 735 1645 736 1645 750 1639 757 1645 758 1645 760 1645 761 1647 824 1647 824 1645 826 1645 846 1634 856 1630 872 1636 904 1645 905 1645 907 1645 908 1645 910 1645 923 1636 925 1618 923 1577 860 1573 850 1563 850 1562 849 1562 848 1562 822 1562 820 1562 819 1562 817 1562 817 1563 804 1575 790 1575 749 1575 723 1562 721 1562 720 1562 718 1562 680 1575 679 1575 676 1575 641 1568 640 1568 595 1574 575 1562 574 1562 573 1562 571 1562 488 1574 468 1560 467 1560 466 1560 433 1560 431 1560 430 1560 428 1560 412 1574 412 1575 329 1575 328 1574 280 1560 279 1560 255 1560 254 1560 252 1560 251 1560 235 1573 188 1560 186 1560 185 1560 184 1560 153 1573 153 1615"/></Shape>
	    <String CONTENT="De la grandeur du corps meſure,"
                    HPOS="152"
                    VPOS="1560"
                    WIDTH="773"
                    HEIGHT="87"
                    WC="0.97439121238647"></String>
          </TextLine>

          
          
          <TextLine ID="eSc_line_f09e34ac"
                    TAGREFS="LT1585"
                    BASELINE="152 1698 676 1696 756 1703" 
                    HPOS="151"
                    VPOS="1647"
                    WIDTH="616"
                    HEIGHT="77">
            <Shape><Polygon POINTS="152 1707 164 1714 166 1714 167 1714 214 1709 230 1722 232 1722 233 1722 235 1724 276 1724 276 1722 277 1722 306 1710 317 1706 471 1713 472 1713 474 1713 493 1707 522 1717 541 1722 542 1722 544 1722 589 1718 687 1709 718 1722 720 1722 721 1722 723 1722 724 1722 725 1722 725 1721 732 1715 767 1721 756 1703 754 1659 685 1647 684 1647 643 1656 632 1648 632 1647 630 1647 629 1647 577 1647 575 1647 574 1647 573 1647 553 1659 455 1659 404 1647 402 1647 401 1647 379 1659 229 1659 206 1647 204 1647 167 1647 166 1647 164 1647 163 1647 151 1655 152 1698"/></Shape>
	    <String CONTENT="Et que tu vois ainſi nouez"
                    HPOS="151"
                    VPOS="1647"
                    WIDTH="616"
                    HEIGHT="77"
                    WC="0.977645706671935"></String>
          </TextLine>

          
          
          <TextLine ID="eSc_line_f1a99550"
                    TAGREFS="LT1585"
                    BASELINE="153 1776 762 1779 844 1787" 
                    HPOS="152"
                    VPOS="1726"
                    WIDTH="692"
                    HEIGHT="77">
            <Shape><Polygon POINTS="153 1776 152 1787 217 1801 218 1801 219 1801 241 1790 317 1790 320 1791 332 1801 334 1801 335 1801 336 1801 338 1801 339 1801 351 1792 361 1799 362 1799 364 1799 365 1799 413 1794 428 1792 431 1794 444 1802 445 1802 446 1802 448 1803 497 1803 497 1802 498 1802 500 1802 500 1801 505 1797 511 1791 536 1797 549 1799 551 1799 552 1799 559 1798 577 1791 619 1799 640 1802 641 1802 655 1799 687 1792 782 1792 841 1803 844 1787 842 1733 791 1740 736 1733 698 1729 696 1729 695 1729 694 1729 694 1731 690 1733 681 1742 607 1735 586 1733 585 1733 529 1735 413 1740 373 1736 274 1726 273 1726 272 1726 270 1726 270 1728 261 1737 251 1737 228 1739 224 1737 188 1726 186 1726 185 1726 184 1726 153 1737 153 1776"/></Shape>
	    <String CONTENT="Ces cheueux qui iamais louez"
                    HPOS="152"
                    VPOS="1726"
                    WIDTH="692"
                    HEIGHT="77"
                    WC="0.980548877801214"></String>
          </TextLine>

          
          
          <TextLine ID="eSc_line_5add610a"
                    TAGREFS="LT1585"
                    BASELINE="151 1861 786 1861" 
                    HPOS="151"
                    VPOS="1803"
                    WIDTH="635"
                    HEIGHT="84">
            <Shape><Polygon POINTS="151 1861 152 1882 185 1873 217 1873 225 1883 228 1884 228 1886 229 1886 230 1886 232 1886 233 1886 244 1883 280 1873 393 1873 431 1884 438 1886 439 1886 441 1887 483 1887 483 1886 485 1886 486 1886 486 1884 488 1884 496 1876 509 1884 512 1886 514 1886 515 1887 556 1887 556 1886 566 1884 652 1873 784 1886 786 1861 786 1823 641 1813 640 1813 581 1819 541 1821 534 1817 514 1803 512 1803 511 1803 478 1803 477 1803 475 1803 474 1803 457 1816 449 1821 430 1814 423 1813 422 1813 420 1813 419 1813 417 1813 416 1814 408 1821 375 1814 373 1814 372 1814 371 1814 349 1821 324 1813 294 1803 292 1803 291 1803 151 1809 151 1861"/></Shape>
	    <String CONTENT="Ne ſeront ainſi que merite,"
                    HPOS="151"
                    VPOS="1803"
                    WIDTH="635"
                    HEIGHT="84"
                    WC="0.99844855732388"></String>
          </TextLine>

          
          
          <TextLine ID="eSc_line_b4997bfd"
                    TAGREFS="LT1585"
                    BASELINE="151 1939 886 1939" 
                    HPOS="151"
                    VPOS="1884"
                    WIDTH="735"
                    HEIGHT="83">
            <Shape><Polygon POINTS="151 1939 151 1952 162 1960 163 1960 164 1960 166 1960 243 1952 254 1959 255 1959 257 1959 258 1959 259 1959 261 1959 261 1957 266 1952 292 1961 294 1961 295 1961 296 1961 321 1952 328 1952 415 1952 426 1960 426 1961 427 1961 428 1961 430 1961 512 1952 519 1952 520 1952 542 1966 544 1966 545 1966 547 1966 592 1955 603 1964 603 1966 604 1966 606 1966 607 1967 659 1967 659 1966 661 1966 662 1966 662 1964 670 1957 679 1964 679 1966 680 1966 681 1966 683 1967 823 1967 823 1966 886 1953 886 1939 886 1901 794 1893 793 1893 791 1893 790 1893 790 1894 783 1901 709 1901 691 1884 690 1884 688 1884 654 1884 652 1884 651 1884 650 1884 635 1897 577 1884 575 1884 574 1884 520 1900 485 1893 483 1893 431 1900 406 1884 405 1884 404 1884 378 1884 376 1884 375 1884 373 1884 356 1898 298 1900 283 1886 283 1884 281 1884 280 1884 279 1884 222 1894 213 1886 213 1884 211 1884 210 1884 177 1884 175 1884 174 1884 173 1884 151 1898 151 1939"/></Shape>
	    <String CONTENT="De leurs beautez la plus petite."
                    HPOS="151"
                    VPOS="1884"
                    WIDTH="735"
                    HEIGHT="83"
                    WC="0.988128397613764"></String>
          </TextLine>

          
          
          <TextLine ID="eSc_line_3f85f5ed"
                    TAGREFS="LT1585"
                    BASELINE="148 2020 856 2020" 
                    HPOS="148"
                    VPOS="1970"
                    WIDTH="708"
                    HEIGHT="72">
            <Shape><Polygon POINTS="148 2020 148 2034 206 2041 207 2041 208 2041 210 2041 218 2034 221 2033 248 2034 324 2040 325 2040 327 2040 328 2040 335 2034 338 2033 435 2033 437 2034 444 2040 444 2041 445 2041 446 2041 448 2042 485 2042 485 2041 593 2034 621 2041 622 2041 624 2041 625 2041 626 2041 636 2033 637 2033 669 2033 670 2033 694 2041 695 2041 696 2042 772 2042 772 2041 773 2041 775 2041 784 2033 827 2040 828 2040 830 2040 856 2031 856 2020 856 1978 791 1970 790 1970 789 1970 787 1970 779 1977 771 1983 717 1983 707 1975 705 1972 703 1972 702 1972 600 1970 599 1970 597 1970 596 1970 591 1974 577 1983 518 1983 511 1977 511 1975 509 1975 508 1975 507 1975 505 1975 504 1975 504 1977 497 1983 448 1983 423 1972 422 1972 420 1972 419 1972 417 1972 405 1983 351 1983 265 1971 263 1971 262 1971 226 1982 203 1971 202 1971 148 1970 148 2020"/></Shape>
	    <String CONTENT="Tu ne crains que ta legere aile"
                    HPOS="148"
                    VPOS="1970"
                    WIDTH="708"
                    HEIGHT="72"
                    WC="0.971956941389268"></String>
          </TextLine>

          
          
          <TextLine ID="eSc_line_938f0400"
                    TAGREFS="LT1585"
                    BASELINE="144 2104 896 2100" 
                    HPOS="142"
                    VPOS="2042"
                    WIDTH="754"
                    HEIGHT="87">
            <Shape><Polygon POINTS="144 2104 144 2118 164 2125 166 2125 167 2125 169 2125 181 2118 188 2115 273 2115 276 2118 287 2128 288 2128 290 2128 291 2129 350 2129 350 2128 351 2128 378 2118 397 2113 452 2113 460 2118 466 2124 467 2124 468 2124 470 2124 498 2118 530 2113 538 2118 542 2122 544 2122 545 2122 547 2122 564 2118 574 2117 577 2118 588 2126 589 2126 591 2126 592 2126 643 2118 690 2111 717 2118 718 2118 720 2118 721 2118 791 2111 831 2118 867 2125 868 2125 870 2125 896 2118 896 2100 892 2062 874 2062 872 2062 855 2044 855 2042 853 2042 852 2042 824 2042 823 2042 822 2042 820 2042 820 2044 806 2056 793 2044 793 2042 791 2042 790 2042 789 2042 787 2042 745 2053 734 2044 734 2042 732 2042 731 2042 729 2042 687 2049 668 2042 666 2042 665 2042 663 2042 662 2042 662 2044 654 2051 558 2044 556 2044 555 2044 553 2044 553 2045 534 2063 533 2063 531 2063 488 2056 486 2056 485 2056 459 2063 457 2063 416 2053 415 2053 413 2053 389 2064 386 2064 350 2064 345 2064 336 2056 336 2055 335 2055 334 2055 332 2055 331 2055 313 2063 298 2048 298 2047 296 2047 295 2047 294 2047 292 2047 259 2062 219 2047 218 2047 217 2047 215 2047 214 2047 189 2064 189 2066 142 2066 144 2104"/></Shape>
	    <String CONTENT="Atteingnant au chef de la belle,"
                    HPOS="142"
                    VPOS="2042"
                    WIDTH="754"
                    HEIGHT="87"
                    WC="0.972950940951705"></String>
          </TextLine>

          
          
          <TextLine ID="eSc_line_38a18a85"
                    TAGREFS="LT1585"
                    BASELINE="145 2185 949 2184" 
                    HPOS="144"
                    VPOS="2129"
                    WIDTH="805"
                    HEIGHT="107">
            <Shape><Polygon POINTS="941 2146 940 2144 905 2136 904 2136 903 2136 885 2146 820 2146 805 2130 805 2129 804 2129 802 2129 765 2129 764 2129 762 2129 716 2144 690 2143 677 2130 677 2129 676 2129 674 2129 629 2129 628 2129 626 2129 625 2129 625 2130 610 2146 514 2146 478 2129 477 2129 475 2129 474 2129 415 2144 371 2129 369 2129 331 2129 329 2129 328 2129 298 2143 281 2135 280 2135 279 2135 237 2143 211 2129 210 2129 177 2129 175 2129 174 2129 144 2144 145 2185 145 2216 247 2216 250 2218 263 2231 263 2232 265 2232 266 2232 268 2232 269 2232 288 2222 336 2222 349 2232 350 2232 351 2232 353 2232 354 2232 379 2220 389 2216 464 2216 477 2221 505 2235 507 2235 508 2236 629 2236 629 2235 630 2235 632 2235 647 2224 658 2216 669 2224 683 2235 684 2235 685 2235 687 2236 768 2236 768 2235 769 2235 771 2235 780 2227 783 2225 790 2227 845 2235 846 2235 948 2228 949 2184 945 2157 941 2146"/></Shape>
	    <String CONTENT="S&#x27;empeſtre aux excellens cheueux,"
                    HPOS="144"
                    VPOS="2129"
                    WIDTH="805"
                    HEIGHT="107"
                    WC="0.962058334639578"></String>
          </TextLine>

          
        </TextBlock>
        
        <TextBlock HPOS="1212"
                   VPOS="2196"
                   WIDTH="150"
                   HEIGHT="76"
                   ID="block_3"
                   TAGREFS="BT4975">
          <Shape><Polygon POINTS="1362 2196 1362 2272 1212 2272 1212 2196"/></Shape>
          
          
          <TextLine ID="eSc_line_0b28958a"
                    TAGREFS="LT1585"
                    BASELINE="1208 2253 1345 2249" 
                    HPOS="1208"
                    VPOS="2195"
                    WIDTH="137"
                    HEIGHT="82">
            <Shape><Polygon POINTS="1329 2198 1315 2195 1314 2195 1312 2195 1311 2195 1304 2200 1286 2213 1267 2206 1255 2202 1253 2202 1252 2202 1250 2202 1215 2213 1208 2243 1208 2253 1208 2269 1226 2277 1227 2277 1228 2277 1271 2272 1300 2268 1344 2273 1345 2249 1341 2200 1329 2198"/></Shape>
	    <String CONTENT="Garde"
                    HPOS="1208"
                    VPOS="2195"
                    WIDTH="137"
                    HEIGHT="82"
                    WC="0.997316813468933"></String>
          </TextLine>

          
        </TextBlock>
        

        
      </PrintSpace>
    </Page>
  </Layout>
</alto>
