1530 2496
215 12 1055 93 DE PLVS GRAND TRAVAIL.

1417 38 56 71 39

148 106 674 86 Garde t'en bien, ſi tu ne veux

148 189 641 89 Y demeurer: car ie t'aſſeure,

148 271 616 89 Que ce n'eſt vne cheuelure:

145 356 665 87 Ce ſont petis rethz & filetz,

143 430 614 96 Que meſme Venus ha filez

145 517 513 93 Et tyſſus à telle façon.

145 599 649 92 Et ce petit meſchant garſon

144 686 685 76 Amour, en cautelles heureux,

147 768 692 79 Y prend les poures amoureux,

142 847 704 80 Et tient leur ame empriſonnee,

142 931 741 88 Ny plus ny moins que l’araignee

142 1010 564 78 Ses petites toillettes rend,

142 1089 679 88 Et les ſottes mouches y prend:

142 1168 648 93 Ainſi ceſt enfant deceuable,

142 1256 784 80 Ha prins maint amant miſerable.

142 1340 722 81 Si donques là prins tu demeures,

144 1426 725 74 Danger y ha que tu n'y meures.

142 1507 763 72 Mais helas mon Dieu voirement,

145 1593 687 72 Que tu y mourrois doucement.

443 1675 548 76 A ſa Sainte. Sonet.

145 1749 924 97 Si de ceux là qui me font plus grand tort

202 1835 979 85 Ie me puis plaindre & bien & iuſtement:

202 1917 1020 91 Sainte, au iourd’hui ie me plains grandement

201 1995 903 87 De toy, de moy, du Ciel, & de la Mort.

147 2078 832 87 De toy qui n'as pitié d’un amy mort,

202 2160 964 98 De moy qui veux aymer trop hardiment:

951 2273 141 67 c 4

1267 2254 110 78 Du
