<?xml version="1.0" encoding="UTF-8"?>
<alto xmlns:xsi="http://www.w3.org/2001/XMLSchema-instance"
      xmlns="http://www.loc.gov/standards/alto/ns-v4#"
      xsi:schemaLocation="http://www.loc.gov/standards/alto/ns-v4# http://www.loc.gov/standards/alto/v4/alto-4-2.xsd">
  <Description>
    <MeasurementUnit>pixel</MeasurementUnit>
    <sourceImageInformation>
      <fileName>4.jpg</fileName>
      
    </sourceImageInformation>
  </Description>
  
  <Tags>
    <OtherTag ID="BT4980" LABEL="TitlePageZone" DESCRIPTION="block type TitlePageZone"/><OtherTag ID="BT4979" LABEL="TableZone" DESCRIPTION="block type TableZone"/><OtherTag ID="BT4978" LABEL="StampZone" DESCRIPTION="block type StampZone"/><OtherTag ID="BT4977" LABEL="SealZone" DESCRIPTION="block type SealZone"/><OtherTag ID="BT4976" LABEL="RunningTitleZone" DESCRIPTION="block type RunningTitleZone"/><OtherTag ID="BT4975" LABEL="QuireMarksZone" DESCRIPTION="block type QuireMarksZone"/><OtherTag ID="BT4974" LABEL="NumberingZone" DESCRIPTION="block type NumberingZone"/><OtherTag ID="BT4973" LABEL="MusicZone" DESCRIPTION="block type MusicZone"/><OtherTag ID="BT4972" LABEL="MarginTextZone" DESCRIPTION="block type MarginTextZone"/><OtherTag ID="BT4971" LABEL="MainZone" DESCRIPTION="block type MainZone"/><OtherTag ID="BT4970" LABEL="DropCapitalZone" DESCRIPTION="block type DropCapitalZone"/><OtherTag ID="BT4969" LABEL="DigitizationArtefactZone" DESCRIPTION="block type DigitizationArtefactZone"/><OtherTag ID="BT4968" LABEL="GraphicZone" DESCRIPTION="block type GraphicZone"/><OtherTag ID="BT4967" LABEL="DamageZone" DESCRIPTION="block type DamageZone"/><OtherTag ID="BT4966" LABEL="CustomZone" DESCRIPTION="block type CustomZone"/>
    <OtherTag ID="LT1589" LABEL="MusicLine" DESCRIPTION="line type MusicLine"/><OtherTag ID="LT1588" LABEL="InterlinearLine" DESCRIPTION="line type InterlinearLine"/><OtherTag ID="LT1587" LABEL="HeadingLine" DESCRIPTION="line type HeadingLine"/><OtherTag ID="LT1586" LABEL="DropCapitalLine" DESCRIPTION="line type DropCapitalLine"/><OtherTag ID="LT1585" LABEL="DefaultLine" DESCRIPTION="line type DefaultLine"/><OtherTag ID="LT1584" LABEL="CustomLine" DESCRIPTION="line type CustomLine"/>
  </Tags>
  
  <Layout>
    <Page WIDTH="1477"
          HEIGHT="2457"
          PHYSICAL_IMG_NR="3"
          ID="eSc_dummypage_">
      <PrintSpace HPOS="0"
                  VPOS="0"
                  WIDTH="1477"
                  HEIGHT="2457">
        
        <TextBlock HPOS="121.0"
                   VPOS="50.0"
                   WIDTH="67.0"
                   HEIGHT="78.0"
                   ID="block_1"
                   TAGREFS="BT4974">
          <Shape><Polygon POINTS="121 50 188 50 188 128 121 128 121 50"/></Shape>
          
          
          <TextLine ID="eSc_line_d5aecc7a"
                    TAGREFS="LT1585"
                    BASELINE="145 107 179 106" 
                    HPOS="137"
                    VPOS="51"
                    WIDTH="41"
                    HEIGHT="98">
            <Shape><Polygon POINTS="157 51 137 51 143 106 145 149 178 147 178 104 172 51 157 51"/></Shape>
	    <String CONTENT="4"
                    HPOS="137"
                    VPOS="51"
                    WIDTH="41"
                    HEIGHT="98"></String>
          </TextLine>

          
        </TextBlock>
        
        <TextBlock HPOS="162.0"
                   VPOS="125.0"
                   WIDTH="1218.0"
                   HEIGHT="2142.0"
                   ID="block_0"
                   TAGREFS="BT4971">
          <Shape><Polygon POINTS="162 125 1380 125 1380 2267 162 2267 162 125"/></Shape>
          
          
          <TextLine ID="eSc_line_9ce629f1"
                    TAGREFS="LT1585"
                    BASELINE="193 185 1369 200" 
                    HPOS="192"
                    VPOS="131"
                    WIDTH="1177"
                    HEIGHT="98">
            <Shape><Polygon POINTS="1354 159 1340 158 1326 155 1313 154 1299 152 1285 151 1283 150 1255 156 1210 143 1209 143 1208 143 1112 155 1097 156 1089 155 1070 148 1068 148 1067 148 1018 152 993 155 984 152 941 139 940 139 939 139 864 150 835 154 795 152 790 148 773 137 772 137 771 137 769 137 768 137 741 147 727 152 692 151 685 147 670 136 668 136 667 136 552 135 551 135 550 135 548 135 536 144 526 150 472 150 462 141 450 133 449 133 447 133 397 132 395 132 394 132 368 140 346 147 282 147 267 139 252 131 251 131 249 131 193 136 193 185 192 197 222 207 223 207 225 207 226 207 248 200 323 207 338 218 339 218 341 218 342 219 409 219 409 218 476 203 521 221 522 221 621 222 622 222 623 222 664 206 782 212 783 212 816 207 849 225 850 225 851 226 917 226 917 225 918 225 920 225 943 211 973 226 974 226 1048 227 1049 229 1116 229 1116 227 1117 227 1154 212 1325 222 1326 222 1367 212 1369 200 1367 161 1354 159"/></Shape>
	    <String CONTENT="deuant elle ne faiſoit. Car iaſoit que par les autres"
                    HPOS="192"
                    VPOS="131"
                    WIDTH="1177"
                    HEIGHT="98"
                    WC="0.994571925334211"></String>
          </TextLine>

          
          
          <TextLine ID="eSc_line_559a9482"
                    TAGREFS="LT1585"
                    BASELINE="193 266 1369 281" 
                    HPOS="192"
                    VPOS="212"
                    WIDTH="1177"
                    HEIGHT="93">
            <Shape><Polygon POINTS="193 266 192 283 245 293 247 293 324 286 371 282 379 288 389 293 390 293 391 293 393 293 429 288 450 285 460 288 480 296 481 296 483 296 596 290 681 286 693 292 703 296 704 296 705 296 760 293 805 290 814 293 834 301 835 301 951 303 952 303 988 296 1019 290 1051 297 1053 297 1055 297 1063 297 1150 293 1169 298 1188 305 1190 305 1191 305 1193 305 1206 300 1221 293 1253 300 1270 304 1272 304 1367 301 1369 281 1367 242 1300 242 1299 241 1255 225 1254 225 1199 225 1198 225 1197 225 1163 240 1160 240 1062 240 1057 238 1003 222 1001 222 940 222 939 222 937 222 910 236 910 237 868 237 849 236 842 236 820 219 819 219 817 219 787 219 786 219 784 219 783 219 763 234 761 234 749 234 574 225 573 225 469 230 468 230 466 230 446 217 445 217 443 217 406 214 405 214 341 229 320 214 319 214 318 214 316 214 264 219 227 212 226 212 225 212 193 226 193 266"/></Shape>
	    <String CONTENT="choſes elle ayt tout iour la conſideration de Dieu:"
                    HPOS="192"
                    VPOS="212"
                    WIDTH="1177"
                    HEIGHT="93"
                    WC="0.996818006038666"></String>
          </TextLine>

          
          
          <TextLine ID="eSc_line_e3e78151"
                    TAGREFS="LT1585"
                    BASELINE="196 349 1369 361" 
                    HPOS="196"
                    VPOS="296"
                    WIDTH="1173"
                    HEIGHT="95">
            <Shape><Polygon POINTS="196 349 196 379 230 367 256 379 259 380 260 380 262 380 277 379 372 368 390 379 393 382 394 382 395 382 397 383 424 383 424 382 445 379 502 369 573 379 621 384 622 384 623 384 641 379 660 372 696 378 726 383 727 383 728 383 748 378 765 374 782 378 786 379 787 379 789 379 799 378 847 372 894 378 978 389 980 389 1085 379 1107 390 1108 390 1109 390 1190 384 1258 391 1259 391 1261 391 1262 391 1281 379 1306 386 1307 386 1309 386 1367 376 1369 361 1367 312 1253 307 1251 307 1250 307 1242 311 1223 322 1187 322 1172 311 1165 305 1164 305 1163 305 1119 305 1117 305 1116 305 1101 311 1081 319 981 319 965 311 963 311 962 311 802 316 791 309 790 309 789 309 787 309 786 309 769 316 753 309 735 301 734 301 693 300 692 300 690 300 689 300 675 308 663 316 621 316 608 308 595 300 593 300 592 300 591 300 589 300 571 308 567 309 562 308 540 303 539 303 537 303 536 303 524 308 514 313 458 313 442 308 432 304 431 304 429 304 408 308 380 312 364 307 327 296 326 296 217 296 215 296 214 296 196 304 196 349"/></Shape>
	    <String CONTENT="ſi eſt ce qu&#x27;en vous elle congnoit pour ſoy, plus de"
                    HPOS="196"
                    VPOS="296"
                    WIDTH="1173"
                    HEIGHT="95"
                    WC="0.984255570631761"></String>
          </TextLine>

          
          
          <TextLine ID="eSc_line_50f3836a"
                    TAGREFS="LT1585"
                    BASELINE="199 427 1370 440" 
                    HPOS="199"
                    VPOS="379"
                    WIDTH="1171"
                    HEIGHT="89">
            <Shape><Polygon POINTS="199 427 199 447 357 446 364 449 383 460 384 460 386 461 421 461 421 460 423 460 446 450 453 447 492 447 507 450 559 462 561 462 562 462 580 453 611 458 612 458 614 458 630 451 667 464 668 464 786 465 787 465 789 465 790 465 802 457 814 465 816 465 817 465 819 466 884 466 884 465 885 465 907 454 930 465 932 465 933 465 935 465 974 453 978 453 986 454 1047 462 1048 462 1049 462 1081 454 1083 454 1086 454 1135 464 1137 464 1138 464 1139 464 1150 455 1180 465 1182 465 1183 465 1184 465 1213 458 1239 468 1240 468 1242 468 1243 468 1277 457 1369 457 1370 440 1370 398 1266 398 1265 398 1264 398 1262 398 1253 405 1221 395 1203 390 1202 390 1141 390 1139 390 1112 394 1060 402 907 402 881 393 880 393 879 393 810 399 794 390 787 384 786 384 784 384 667 383 666 383 622 387 539 395 495 387 494 387 438 394 417 384 416 384 414 384 413 384 365 394 322 383 307 379 305 379 304 379 288 383 247 393 199 382 199 427"/></Shape>
	    <String CONTENT="vertus &amp; graces infuſes, qu&#x27;en toutes les autres"
                    HPOS="199"
                    VPOS="379"
                    WIDTH="1171"
                    HEIGHT="89"
                    WC="0.983994137495756"></String>
          </TextLine>

          
          
          <TextLine ID="eSc_line_dd3235c9"
                    TAGREFS="LT1585"
                    BASELINE="192 509 1373 521" 
                    HPOS="191"
                    VPOS="461"
                    WIDTH="1182"
                    HEIGHT="90">
            <Shape><Polygon POINTS="192 509 191 521 217 529 218 529 219 529 298 524 309 530 311 530 312 530 313 530 417 525 458 541 460 541 461 541 462 541 487 533 529 540 531 540 532 540 533 540 551 529 626 539 627 539 694 528 849 546 850 547 881 547 881 546 883 546 884 546 899 536 986 543 988 543 1049 532 1060 539 1062 539 1063 539 1064 539 1108 533 1164 548 1165 548 1167 548 1232 541 1246 550 1247 550 1249 550 1250 551 1313 551 1313 550 1314 550 1371 533 1373 521 1371 484 1343 484 1341 483 1321 469 1320 469 1318 469 1317 469 1259 477 1244 468 1243 468 1242 468 1210 468 1209 468 1208 468 1182 481 1179 483 1000 481 999 480 961 465 959 465 915 465 914 465 913 465 887 479 850 464 849 464 772 464 771 464 769 464 768 464 746 477 743 479 622 479 619 476 588 461 586 461 585 461 584 461 547 476 546 477 511 477 509 476 496 466 495 466 494 466 492 466 436 475 435 475 434 475 410 465 409 465 408 465 364 475 360 475 354 475 322 466 320 466 192 472 192 509"/></Shape>
	    <String CONTENT="creatures. En admirant leſquelles vertus plus faci¬"
                    HPOS="191"
                    VPOS="461"
                    WIDTH="1182"
                    HEIGHT="90"
                    WC="0.990589729711121"></String>
          </TextLine>

          
          
          <TextLine ID="eSc_line_0ff77f19"
                    TAGREFS="LT1585"
                    BASELINE="191 591 1370 603" 
                    HPOS="189"
                    VPOS="536"
                    WIDTH="1181"
                    HEIGHT="94">
            <Shape><Polygon POINTS="191 591 189 604 259 606 294 619 296 619 297 619 353 608 354 608 387 616 389 616 390 616 391 616 393 616 402 608 405 608 451 608 461 610 513 622 514 622 570 612 601 623 603 623 604 623 662 614 679 611 727 611 737 615 764 625 765 625 767 625 768 625 799 616 816 612 854 614 858 618 870 626 872 626 873 626 992 627 993 627 995 627 1022 621 1044 615 1072 621 1108 629 1109 629 1182 623 1251 618 1281 625 1302 630 1303 630 1305 630 1369 626 1370 603 1369 563 1280 563 1274 561 1235 551 1234 551 1232 551 1188 556 1156 546 1154 546 1153 546 1078 554 1053 544 1052 544 976 543 974 543 973 543 971 543 954 556 950 559 887 559 877 555 843 541 842 541 840 541 839 541 817 554 810 558 776 558 769 552 754 541 753 541 752 541 750 541 749 541 719 552 711 555 703 552 674 540 672 540 671 540 670 540 645 551 636 555 563 550 539 548 537 548 536 548 532 550 518 554 502 548 477 540 476 540 475 540 473 540 454 548 443 552 432 547 409 537 408 537 406 537 363 543 305 536 304 536 303 536 301 536 289 546 279 552 257 552 244 544 229 536 227 536 226 536 191 543 191 591"/></Shape>
	    <String CONTENT="lemẽt elle comprend celuy duquel elles ſont venues:"
                    HPOS="189"
                    VPOS="536"
                    WIDTH="1181"
                    HEIGHT="94"
                    WC="0.992514133453369"></String>
          </TextLine>

          
          
          <TextLine ID="eSc_line_b745fea0"
                    TAGREFS="LT1585"
                    BASELINE="193 678 1373 683" 
                    HPOS="192"
                    VPOS="621"
                    WIDTH="1181"
                    HEIGHT="96">
            <Shape><Polygon POINTS="193 678 192 690 230 701 232 701 233 701 234 701 253 692 256 690 312 690 315 692 356 711 357 711 393 712 394 712 420 711 421 711 455 692 461 690 554 690 570 693 597 696 626 713 627 713 629 713 630 715 703 715 703 713 704 713 742 701 783 715 784 715 786 715 787 715 847 694 853 693 858 694 890 702 891 702 892 702 894 702 915 694 920 693 925 694 939 700 940 700 941 700 943 700 944 700 951 694 956 693 1026 693 1034 696 1083 713 1085 713 1086 713 1141 705 1194 716 1195 717 1333 717 1333 716 1335 716 1371 697 1373 683 1371 631 1317 626 1315 626 1294 630 1240 641 1217 629 1210 626 1209 626 1208 626 1206 626 1198 629 1168 642 1079 642 1015 641 981 627 974 625 973 625 971 625 958 627 917 636 872 626 862 625 791 625 790 625 789 625 786 626 764 637 713 638 682 625 679 623 678 623 640 623 638 623 637 623 634 625 607 638 550 631 548 631 495 638 379 622 376 622 375 622 374 622 345 638 268 638 193 621 193 678"/></Shape>
	    <String CONTENT="&amp; ainſi par vous ſe parfait en la vraye cõgnoiſſan"
                    HPOS="192"
                    VPOS="621"
                    WIDTH="1181"
                    HEIGHT="96"
                    WC="0.996706132795297"></String>
          </TextLine>

          
          
          <TextLine ID="eSc_line_2e63f0c4"
                    TAGREFS="LT1585"
                    BASELINE="192 753 941 764 1371 761" 
                    HPOS="191"
                    VPOS="702"
                    WIDTH="1180"
                    HEIGHT="88">
            <Shape><Polygon POINTS="192 753 191 767 263 768 296 780 297 780 353 782 354 782 356 782 379 771 408 778 409 778 410 778 412 778 428 771 584 771 632 782 633 782 634 782 659 773 720 782 722 782 760 773 819 786 820 786 881 780 936 787 937 787 939 787 969 776 1030 787 1031 787 1033 787 1072 776 1087 788 1089 788 1090 788 1092 788 1149 778 1165 788 1167 788 1168 788 1169 788 1225 780 1344 790 1345 790 1347 790 1370 778 1371 761 1370 712 1337 712 1336 712 1335 712 1333 712 1313 727 1231 727 1161 724 1135 711 1134 711 1133 711 1089 711 1087 711 1086 711 1085 711 1055 724 936 724 881 711 875 709 873 709 872 709 869 711 842 723 790 723 748 709 735 707 734 707 733 707 701 709 645 716 633 709 623 705 622 705 621 705 588 709 569 712 556 709 539 705 537 705 536 705 535 705 533 705 528 709 511 719 488 709 487 709 485 709 484 709 483 709 481 709 469 719 413 719 380 709 356 702 354 702 353 702 352 702 327 709 324 709 322 709 304 702 303 702 301 702 192 708 192 753"/></Shape>
	    <String CONTENT="ce du ſouuerain bien. Pour quoy ie rend graces infi¬"
                    HPOS="191"
                    VPOS="702"
                    WIDTH="1180"
                    HEIGHT="88"
                    WC="0.977206678344653"></String>
          </TextLine>

          
          
          <TextLine ID="eSc_line_caaf7743"
                    TAGREFS="LT1585"
                    BASELINE="189 834 775 844 1370 846" 
                    HPOS="189"
                    VPOS="783"
                    WIDTH="1181"
                    HEIGHT="94">
            <Shape><Polygon POINTS="189 834 189 853 298 853 300 853 316 866 318 866 319 866 320 866 322 866 342 857 364 865 365 865 367 865 429 854 432 854 434 854 472 868 473 868 475 868 540 861 578 869 580 870 603 870 603 869 604 869 606 869 622 857 640 864 641 864 642 864 685 857 703 865 704 865 705 865 757 858 776 870 778 870 779 870 780 870 835 859 907 859 974 873 976 873 1112 868 1149 874 1150 874 1238 862 1264 862 1283 876 1284 876 1285 876 1287 877 1333 877 1333 876 1335 876 1369 862 1370 846 1367 802 1284 808 1270 801 1254 793 1253 793 1194 791 1193 791 1150 801 1127 806 1113 801 1089 790 1087 790 1045 790 1044 790 1042 790 1012 801 997 805 970 801 905 788 903 788 902 788 900 788 885 799 879 805 861 805 855 799 839 787 838 787 836 787 814 787 813 787 812 787 810 787 793 799 787 803 709 803 700 799 659 786 657 786 576 784 574 784 528 787 526 787 505 798 502 799 495 798 410 783 364 783 363 783 361 783 334 798 324 798 214 791 212 791 211 791 189 797 189 834"/></Shape>
	    <String CONTENT="nies à Dieu, qui ſi heureuſemẽt me feit naistre, que"
                    HPOS="189"
                    VPOS="783"
                    WIDTH="1181"
                    HEIGHT="94"
                    WC="0.972061685941838"></String>
          </TextLine>

          
          
          <TextLine ID="eSc_line_a9601289"
                    TAGREFS="LT1585"
                    BASELINE="188 918 1371 926" 
                    HPOS="187"
                    VPOS="865"
                    WIDTH="1184"
                    HEIGHT="91">
            <Shape><Polygon POINTS="188 918 187 932 221 936 238 950 240 950 241 950 242 951 346 951 346 950 348 950 349 950 365 937 376 943 378 943 379 943 380 943 395 936 532 936 597 952 599 952 600 952 601 952 660 937 778 937 789 944 790 944 791 944 793 944 838 941 858 952 859 952 861 952 922 941 974 955 976 955 977 955 978 955 1019 943 1072 955 1208 956 1209 956 1274 941 1340 951 1341 951 1343 951 1370 940 1371 926 1371 885 1343 879 1341 879 1340 879 1328 885 1321 889 1229 889 1220 884 1191 872 1190 872 1188 872 1187 872 1158 884 1152 887 1127 884 1086 880 1085 880 1083 880 1066 884 1055 887 1051 884 1031 870 1030 870 1029 870 1001 870 1000 870 999 870 956 884 955 884 954 884 918 869 917 869 915 869 914 869 881 884 877 887 790 887 743 885 741 883 712 868 711 868 709 868 708 868 668 883 666 884 664 883 641 868 640 868 638 868 612 868 611 868 610 868 608 868 584 883 580 884 520 883 495 883 472 866 470 866 469 866 383 865 270 865 268 865 267 865 234 881 188 881 188 918"/></Shape>
	    <String CONTENT="ie fuſſe destiné à ſeruir vous, la plus parfaitement"
                    HPOS="187"
                    VPOS="865"
                    WIDTH="1184"
                    HEIGHT="91"
                    WC="0.97813578777843"></String>
          </TextLine>

          
          
          <TextLine ID="eSc_line_0672fb5a"
                    TAGREFS="LT1585"
                    BASELINE="188 999 885 1008 1371 1006" 
                    HPOS="188"
                    VPOS="947"
                    WIDTH="1183"
                    HEIGHT="93">
            <Shape><Polygon POINTS="188 999 188 1030 256 1015 279 1026 281 1026 282 1026 283 1026 312 1015 376 1015 410 1029 417 1031 419 1031 420 1033 449 1033 449 1031 450 1031 451 1031 455 1029 468 1019 494 1029 505 1031 506 1031 507 1031 509 1031 517 1027 537 1018 556 1027 566 1033 567 1033 569 1033 603 1030 604 1030 606 1030 610 1027 621 1019 640 1027 657 1034 659 1034 660 1036 709 1036 709 1034 711 1034 737 1026 764 1018 869 1025 1036 1037 1037 1037 1038 1037 1040 1037 1060 1023 1062 1022 1164 1021 1168 1022 1188 1038 1190 1038 1191 1038 1193 1040 1224 1040 1224 1038 1225 1038 1253 1023 1277 1038 1279 1038 1280 1038 1281 1040 1321 1040 1321 1038 1322 1038 1370 1021 1371 1006 1369 965 1249 969 1210 962 1164 954 1163 954 1161 954 1142 962 1126 967 956 967 941 959 936 956 935 956 933 956 914 959 864 966 849 958 838 952 836 952 775 951 773 951 772 951 760 956 743 966 679 966 666 956 659 951 657 951 656 951 629 950 627 950 626 950 610 955 586 965 548 965 485 954 447 948 339 948 338 948 337 948 323 952 292 960 273 951 263 947 262 947 260 947 188 950 188 999"/></Shape>
	    <String CONTENT="ſainte des ſaintemẽt parfaites: &amp; que ie le prie puis"
                    HPOS="188"
                    VPOS="947"
                    WIDTH="1183"
                    HEIGHT="93"
                    WC="0.993122182510517"></String>
          </TextLine>

          
          
          <TextLine ID="eSc_line_ff25687e"
                    TAGREFS="LT1585"
                    BASELINE="191 1079 1371 1087" 
                    HPOS="189"
                    VPOS="1031"
                    WIDTH="1182"
                    HEIGHT="86">
            <Shape><Polygon POINTS="191 1079 189 1107 230 1111 232 1111 233 1111 244 1107 271 1097 316 1097 333 1107 338 1111 339 1111 341 1111 342 1112 417 1112 417 1111 419 1111 431 1107 454 1098 479 1098 492 1107 498 1111 499 1111 500 1111 502 1111 552 1107 617 1100 649 1105 678 1111 679 1111 704 1105 728 1100 738 1105 746 1111 748 1111 749 1111 750 1111 752 1111 763 1105 780 1115 782 1115 783 1116 840 1116 840 1115 842 1115 843 1115 857 1105 858 1104 866 1105 909 1112 910 1112 954 1105 976 1101 991 1104 1037 1116 1038 1116 1040 1117 1089 1117 1089 1116 1090 1116 1107 1108 1171 1116 1172 1116 1173 1116 1175 1116 1191 1105 1217 1111 1219 1111 1220 1111 1243 1104 1268 1113 1269 1113 1270 1113 1272 1113 1273 1113 1287 1104 1370 1104 1371 1087 1369 1037 1298 1041 1296 1041 1295 1041 1281 1052 1246 1052 1208 1037 1206 1037 1205 1037 1203 1037 1198 1037 1127 1048 1018 1041 1016 1041 977 1049 929 1049 911 1038 905 1034 903 1034 902 1034 768 1033 767 1033 595 1038 581 1031 580 1031 578 1031 577 1031 576 1031 561 1041 552 1045 531 1041 514 1038 513 1038 453 1041 390 1045 386 1042 382 1038 380 1038 379 1038 378 1038 312 1042 283 1044 278 1042 251 1033 249 1033 248 1033 247 1033 227 1042 227 1044 191 1044 191 1079"/></Shape>
	    <String CONTENT="que ia pour vous il m’ha fait en moymeſme mou¬"
                    HPOS="189"
                    VPOS="1031"
                    WIDTH="1182"
                    HEIGHT="86"
                    WC="0.977780651787053"></String>
          </TextLine>

          
          
          <TextLine ID="eSc_line_2b35d84a"
                    TAGREFS="LT1585"
                    BASELINE="188 1161 1370 1169" 
                    HPOS="187"
                    VPOS="1111"
                    WIDTH="1183"
                    HEIGHT="88">
            <Shape><Polygon POINTS="187 1176 242 1177 281 1193 282 1193 283 1194 341 1194 341 1193 342 1193 383 1179 416 1193 417 1193 419 1193 420 1193 443 1182 460 1194 461 1194 462 1194 464 1195 509 1195 509 1194 510 1194 511 1194 532 1180 573 1180 607 1190 608 1190 610 1190 611 1190 629 1182 655 1195 656 1195 657 1195 659 1195 705 1183 720 1193 722 1193 723 1193 779 1197 780 1197 922 1193 924 1193 925 1193 935 1186 1010 1198 1011 1199 1059 1199 1059 1198 1060 1198 1082 1187 1169 1187 1182 1197 1183 1197 1184 1197 1186 1197 1265 1186 1369 1186 1370 1169 1370 1127 1340 1117 1339 1117 1337 1117 1266 1127 1240 1130 1232 1126 1209 1116 1208 1116 1206 1116 1178 1122 1137 1115 1135 1115 1134 1115 1111 1124 1101 1130 1026 1130 1006 1123 967 1113 966 1113 846 1113 844 1113 843 1113 814 1122 806 1123 793 1120 742 1112 741 1112 739 1112 723 1120 711 1127 657 1127 638 1119 623 1113 622 1113 621 1113 619 1113 600 1119 577 1124 539 1117 498 1111 496 1111 495 1111 494 1111 485 1117 473 1126 386 1126 348 1124 334 1115 333 1113 331 1113 330 1113 328 1113 327 1113 322 1115 296 1124 210 1124 189 1113 188 1161 187 1176"/></Shape>
	    <String CONTENT="rir, que ce ſoit auec telle felicité, que ie trouue en"
                    HPOS="187"
                    VPOS="1111"
                    WIDTH="1183"
                    HEIGHT="88"
                    WC="0.993664733930068"></String>
          </TextLine>

          
          
          <TextLine ID="eSc_line_909406b7"
                    TAGREFS="LT1585"
                    BASELINE="191 1242 1371 1251" 
                    HPOS="189"
                    VPOS="1191"
                    WIDTH="1182"
                    HEIGHT="85">
            <Shape><Polygon POINTS="189 1257 245 1258 259 1269 260 1269 262 1269 263 1269 323 1258 327 1258 328 1258 359 1272 360 1272 361 1272 363 1272 399 1262 413 1272 414 1272 416 1272 417 1273 466 1273 466 1272 468 1272 469 1272 488 1259 490 1259 495 1259 577 1273 720 1274 722 1276 804 1276 804 1274 805 1274 839 1263 872 1274 873 1274 875 1274 876 1274 896 1265 926 1273 928 1273 929 1273 930 1273 951 1266 962 1274 963 1274 965 1274 966 1274 967 1274 1001 1263 1006 1263 1011 1263 1057 1272 1059 1272 1149 1265 1160 1265 1161 1265 1187 1276 1188 1276 1190 1276 1191 1276 1224 1266 1243 1273 1244 1273 1246 1273 1247 1273 1262 1266 1369 1266 1371 1251 1371 1202 1242 1197 1240 1197 1239 1197 1229 1201 1203 1210 1149 1199 1128 1197 1127 1197 1102 1199 1037 1209 1016 1199 1011 1197 1010 1197 1008 1197 977 1199 935 1202 928 1198 922 1194 921 1194 920 1194 864 1193 862 1193 861 1193 844 1198 836 1201 828 1198 814 1193 813 1193 812 1193 810 1193 793 1198 776 1202 720 1199 719 1199 718 1199 716 1199 705 1206 561 1206 535 1195 525 1193 524 1193 522 1193 507 1195 475 1203 397 1195 359 1191 357 1191 356 1191 343 1195 327 1199 289 1194 264 1191 263 1191 247 1194 211 1201 192 1194 191 1242 189 1257"/></Shape>
	    <String CONTENT="vous (ce que ie quiers) double vie immortelle. Ce"
                    HPOS="189"
                    VPOS="1191"
                    WIDTH="1182"
                    HEIGHT="85"
                    WC="0.989940653041917"></String>
          </TextLine>

          
          
          <TextLine ID="eSc_line_38efaee3"
                    TAGREFS="LT1585"
                    BASELINE="189 1326 1371 1332" 
                    HPOS="188"
                    VPOS="1270"
                    WIDTH="1183"
                    HEIGHT="89">
            <Shape><Polygon POINTS="189 1326 188 1352 214 1354 215 1354 217 1354 218 1354 219 1352 238 1341 262 1349 263 1349 264 1349 266 1349 267 1349 283 1340 349 1341 372 1351 378 1354 379 1354 380 1355 447 1355 447 1354 449 1354 454 1351 472 1341 574 1348 576 1348 698 1341 726 1348 750 1355 752 1355 753 1355 829 1348 857 1345 877 1347 956 1356 958 1356 959 1356 984 1347 992 1343 1000 1347 1011 1351 1012 1351 1014 1351 1059 1345 1066 1345 1071 1345 1138 1358 1139 1359 1219 1359 1219 1358 1276 1345 1326 1351 1328 1351 1370 1343 1371 1332 1371 1287 1336 1273 1335 1273 1264 1273 1262 1273 1261 1273 1228 1285 1221 1287 1148 1287 1142 1284 1113 1273 1112 1273 1111 1273 1109 1273 1108 1273 1090 1284 1086 1287 1082 1284 1068 1272 1067 1272 1066 1272 1064 1272 1063 1272 1030 1283 1018 1287 996 1283 981 1280 980 1280 978 1280 970 1283 955 1287 940 1281 935 1280 933 1280 932 1280 930 1280 926 1281 915 1287 689 1287 668 1279 642 1270 641 1270 640 1270 638 1270 619 1279 604 1285 586 1279 569 1270 567 1270 566 1270 189 1273 189 1326"/></Shape>
	    <String CONTENT="ſont les effects de la vraye amour celeste, que ie de¬"
                    HPOS="188"
                    VPOS="1270"
                    WIDTH="1183"
                    HEIGHT="89"
                    WC="0.979415105448829"></String>
          </TextLine>

          
          
          <TextLine ID="eSc_line_112fe3cb"
                    TAGREFS="LT1585"
                    BASELINE="189 1407 969 1415 1370 1410" 
                    HPOS="189"
                    VPOS="1354"
                    WIDTH="1181"
                    HEIGHT="83">
            <Shape><Polygon POINTS="189 1407 189 1433 286 1433 286 1431 288 1431 315 1422 393 1422 409 1431 413 1433 414 1433 416 1433 436 1431 500 1423 529 1430 539 1433 540 1433 541 1433 563 1430 619 1423 692 1430 745 1434 746 1434 783 1429 809 1426 814 1429 821 1434 823 1434 824 1434 825 1434 885 1429 891 1429 896 1429 954 1435 955 1435 986 1429 999 1426 1016 1429 1052 1433 1053 1433 1055 1433 1067 1427 1068 1427 1079 1435 1081 1435 1082 1435 1083 1435 1160 1427 1167 1427 1173 1427 1299 1437 1300 1437 1302 1437 1303 1437 1314 1429 1343 1434 1344 1434 1345 1434 1369 1426 1370 1410 1367 1371 1253 1367 1251 1367 1250 1367 1249 1367 1247 1369 1238 1374 1223 1369 1197 1359 1195 1359 1194 1359 1105 1367 1079 1369 1075 1366 1063 1358 1062 1358 1060 1358 1019 1358 1018 1358 1016 1358 996 1365 974 1374 914 1374 868 1363 834 1356 832 1356 831 1356 829 1356 820 1362 806 1371 752 1365 750 1365 749 1365 748 1365 737 1373 625 1373 589 1360 588 1360 586 1360 585 1360 584 1360 569 1370 518 1370 496 1358 492 1355 491 1355 490 1355 440 1355 439 1355 438 1355 434 1356 412 1369 369 1356 363 1354 361 1354 360 1354 350 1355 293 1369 275 1356 274 1356 273 1356 189 1354 189 1407"/></Shape>
	    <String CONTENT="ſire estre de vous en moy cõme ia elle eſt de moy en"
                    HPOS="189"
                    VPOS="1354"
                    WIDTH="1181"
                    HEIGHT="83"
                    WC="0.981448076805978"></String>
          </TextLine>

          
          
          <TextLine ID="eSc_line_afb6b979"
                    TAGREFS="LT1585"
                    BASELINE="193 1486 1359 1497" 
                    HPOS="192"
                    VPOS="1433"
                    WIDTH="1167"
                    HEIGHT="87">
            <Shape><Polygon POINTS="193 1486 192 1498 222 1508 223 1508 225 1508 315 1501 360 1513 361 1513 363 1513 364 1513 383 1505 417 1512 419 1512 420 1512 450 1505 537 1515 539 1515 600 1504 630 1516 632 1516 633 1516 683 1508 694 1516 696 1516 697 1516 829 1517 831 1517 832 1517 853 1508 887 1517 888 1517 890 1517 967 1509 1067 1520 1068 1520 1070 1520 1108 1509 1157 1519 1158 1519 1160 1519 1199 1509 1281 1519 1283 1519 1358 1509 1359 1497 1358 1449 1298 1441 1296 1441 1295 1441 1274 1448 1249 1456 1229 1446 1214 1440 1213 1440 1212 1440 1122 1441 1120 1441 1112 1445 1104 1449 1086 1445 1060 1438 1059 1438 1057 1438 1056 1438 1044 1444 1034 1449 1023 1444 1010 1438 1008 1438 963 1438 962 1438 961 1438 948 1442 933 1448 917 1442 907 1440 906 1440 905 1440 879 1442 776 1452 726 1452 704 1440 701 1438 700 1438 698 1438 697 1438 694 1440 682 1445 653 1438 637 1435 636 1435 599 1438 518 1444 502 1437 499 1435 498 1435 496 1435 495 1435 491 1437 466 1444 416 1437 414 1437 413 1437 391 1449 339 1449 267 1448 252 1435 251 1435 249 1435 193 1433 193 1486"/></Shape>
	    <String CONTENT="vous: Amour ne dy ie pas terrestre de la chair &amp;"
                    HPOS="192"
                    VPOS="1433"
                    WIDTH="1167"
                    HEIGHT="87"
                    WC="0.983409660557906"></String>
          </TextLine>

          
          
          <TextLine ID="eSc_line_9b5f891f"
                    TAGREFS="LT1585"
                    BASELINE="188 1568 1015 1579 1371 1573" 
                    HPOS="187"
                    VPOS="1515"
                    WIDTH="1184"
                    HEIGHT="92">
            <Shape><Polygon POINTS="188 1568 187 1582 285 1599 286 1601 417 1601 417 1599 479 1586 509 1598 510 1598 511 1598 513 1598 551 1586 584 1594 585 1594 586 1594 626 1587 653 1598 655 1598 656 1598 722 1587 738 1595 739 1595 741 1595 775 1591 824 1603 825 1603 903 1605 905 1605 906 1605 907 1605 926 1591 945 1599 947 1599 948 1599 997 1592 1034 1603 1036 1603 1037 1603 1038 1603 1040 1603 1059 1590 1137 1601 1138 1601 1139 1601 1175 1592 1217 1601 1219 1601 1287 1592 1324 1607 1325 1607 1326 1607 1328 1607 1370 1591 1371 1573 1370 1539 1291 1524 1289 1524 1208 1536 1191 1538 1175 1535 1105 1523 1104 1523 1102 1523 1075 1534 1064 1538 1052 1534 1041 1530 1040 1530 1038 1530 1037 1530 1036 1530 1030 1534 1023 1538 915 1538 906 1531 890 1520 888 1520 887 1520 885 1520 827 1530 794 1535 778 1530 752 1519 750 1519 595 1519 593 1519 592 1519 570 1526 547 1532 521 1526 520 1526 518 1526 517 1526 500 1532 421 1532 390 1523 371 1517 369 1517 368 1517 367 1517 350 1521 320 1531 278 1531 264 1520 256 1515 255 1515 253 1515 252 1515 188 1519 188 1568"/></Shape>
	    <String CONTENT="des corps, mais celeste des eſprits &amp; des ames: qui"
                    HPOS="187"
                    VPOS="1515"
                    WIDTH="1184"
                    HEIGHT="92"></String>
          </TextLine>

          
          
          <TextLine ID="eSc_line_49164984"
                    TAGREFS="LT1585"
                    BASELINE="185 1650 962 1661 1371 1654" 
                    HPOS="184"
                    VPOS="1594"
                    WIDTH="1187"
                    HEIGHT="91">
            <Shape><Polygon POINTS="185 1650 184 1669 196 1677 197 1677 199 1677 200 1678 229 1678 229 1677 230 1677 232 1677 247 1666 252 1663 479 1665 481 1668 499 1676 500 1676 502 1676 578 1668 595 1666 599 1668 630 1681 632 1681 633 1683 745 1683 745 1681 746 1681 787 1669 791 1668 795 1669 824 1676 825 1676 827 1676 828 1676 854 1669 855 1669 888 1683 890 1683 891 1683 1010 1676 1037 1684 1038 1684 1040 1684 1090 1673 1119 1684 1120 1684 1122 1684 1123 1684 1148 1678 1187 1685 1188 1685 1232 1674 1370 1670 1371 1654 1367 1616 1236 1616 1234 1614 1205 1602 1203 1602 1202 1602 1201 1602 1190 1607 1053 1601 1052 1601 1051 1601 1025 1614 1016 1618 992 1614 967 1610 966 1610 915 1614 873 1617 866 1614 853 1607 851 1607 798 1602 797 1602 795 1602 794 1602 784 1609 743 1598 742 1598 741 1598 739 1598 738 1598 713 1613 712 1614 709 1613 663 1598 662 1598 660 1598 659 1598 657 1598 634 1613 629 1616 494 1616 490 1613 443 1595 442 1595 259 1594 257 1594 256 1594 185 1612 185 1650"/></Shape>
	    <String CONTENT="eſt de l’homme à la femme, &amp; de la femme à"
                    HPOS="184"
                    VPOS="1594"
                    WIDTH="1187"
                    HEIGHT="91"
                    WC="0.981024683876471"></String>
          </TextLine>

          
          
          <TextLine ID="eSc_line_f081bc80"
                    TAGREFS="LT1585"
                    BASELINE="182 1729 922 1740 1367 1734" 
                    HPOS="181"
                    VPOS="1676"
                    WIDTH="1186"
                    HEIGHT="93">
            <Shape><Polygon POINTS="182 1729 181 1745 212 1745 214 1745 232 1755 233 1755 234 1755 274 1745 277 1745 281 1745 341 1752 342 1752 378 1747 401 1762 402 1762 404 1762 405 1762 406 1762 421 1755 468 1764 469 1764 505 1758 518 1764 520 1764 521 1766 652 1766 652 1764 705 1751 821 1751 869 1767 870 1767 872 1769 980 1769 980 1767 981 1767 1004 1759 1027 1769 1029 1769 1030 1769 1111 1764 1112 1764 1113 1764 1131 1754 1366 1754 1367 1734 1366 1703 1310 1684 1309 1684 1261 1684 1259 1684 1258 1684 1225 1699 1220 1702 1213 1699 1171 1683 1169 1683 1168 1683 1167 1683 1138 1698 1131 1702 1006 1702 905 1700 850 1691 805 1684 804 1684 802 1684 801 1684 793 1689 776 1699 647 1699 614 1696 596 1685 586 1678 585 1678 584 1678 487 1678 485 1678 484 1678 483 1678 479 1683 465 1691 420 1681 419 1681 375 1685 365 1680 363 1677 361 1677 360 1677 359 1677 345 1678 297 1687 277 1677 273 1676 271 1676 182 1676 182 1729"/></Shape>
	    <String CONTENT="I’homme, außi bien, ou mieux, qu&#x27;entre deux hom¬"
                    HPOS="181"
                    VPOS="1676"
                    WIDTH="1186"
                    HEIGHT="93"
                    WC="0.971141484876474"></String>
          </TextLine>

          
          
          <TextLine ID="eSc_line_2ee6898e"
                    TAGREFS="LT1585"
                    BASELINE="185 1812 928 1822 1367 1816" 
                    HPOS="185"
                    VPOS="1766"
                    WIDTH="1182"
                    HEIGHT="86">
            <Shape><Polygon POINTS="185 1812 185 1827 281 1827 282 1827 300 1840 301 1840 303 1840 304 1840 305 1840 327 1829 374 1840 375 1840 376 1840 378 1840 391 1830 475 1829 490 1829 491 1829 514 1837 515 1837 517 1837 561 1830 599 1846 600 1846 601 1846 603 1846 621 1837 718 1848 719 1848 720 1848 765 1835 791 1845 793 1845 794 1845 795 1845 829 1831 935 1849 936 1850 1037 1850 1037 1849 1038 1849 1082 1833 1085 1833 1115 1833 1149 1850 1150 1850 1152 1852 1214 1852 1214 1850 1216 1850 1250 1834 1283 1834 1317 1834 1318 1834 1340 1848 1341 1848 1343 1848 1344 1848 1345 1848 1347 1848 1366 1834 1367 1816 1365 1774 1280 1782 1224 1774 1203 1771 1202 1771 1186 1774 1142 1784 982 1784 967 1775 958 1770 956 1770 925 1770 924 1770 922 1770 913 1775 905 1779 880 1775 870 1774 869 1774 868 1774 865 1775 853 1782 778 1782 753 1775 718 1767 716 1767 672 1774 633 1767 632 1767 630 1767 629 1767 617 1775 601 1767 600 1767 470 1766 469 1766 420 1777 413 1778 408 1777 383 1769 382 1769 380 1769 379 1769 349 1777 342 1779 294 1779 292 1777 282 1769 281 1769 279 1769 278 1769 277 1769 253 1777 225 1770 223 1770 222 1770 185 1777 185 1812"/></Shape>
	    <String CONTENT="mes, ou entre deux femmes. Ce que ie prouueray"
                    HPOS="185"
                    VPOS="1766"
                    WIDTH="1182"
                    HEIGHT="86"
                    WC="0.977924121462781"></String>
          </TextLine>

          
          
          <TextLine ID="eSc_line_04c4342e"
                    TAGREFS="LT1585"
                    BASELINE="185 1893 1006 1902 1366 1895" 
                    HPOS="185"
                    VPOS="1841"
                    WIDTH="1181"
                    HEIGHT="89">
            <Shape><Polygon POINTS="185 1893 185 1923 278 1921 279 1921 307 1908 368 1923 376 1924 378 1926 413 1926 413 1924 414 1924 416 1924 417 1923 438 1909 481 1921 490 1924 491 1924 492 1924 494 1924 499 1921 526 1911 634 1911 655 1919 656 1919 657 1919 735 1912 764 1921 779 1926 780 1926 782 1926 783 1926 795 1920 809 1916 883 1916 892 1920 906 1927 907 1927 958 1928 959 1930 1031 1930 1031 1928 1033 1928 1034 1928 1047 1920 1048 1919 1053 1920 1096 1928 1097 1928 1098 1928 1100 1928 1115 1919 1124 1913 1161 1919 1188 1923 1190 1923 1191 1923 1201 1919 1208 1916 1229 1919 1273 1924 1274 1924 1276 1924 1288 1919 1296 1915 1363 1917 1366 1895 1366 1864 1335 1852 1333 1852 1332 1852 1330 1852 1309 1864 1298 1864 1225 1864 1224 1863 1187 1853 1186 1853 1184 1853 1183 1853 1164 1863 1163 1863 1116 1846 1115 1846 1089 1846 1087 1846 1086 1846 1085 1846 1060 1861 1026 1855 1025 1855 991 1861 945 1845 944 1845 943 1845 877 1855 840 1845 839 1845 838 1845 836 1845 835 1845 813 1861 798 1861 775 1861 775 1860 731 1846 730 1846 728 1846 727 1846 726 1846 705 1860 666 1860 641 1844 640 1844 638 1844 637 1844 561 1853 540 1844 539 1844 537 1844 536 1844 509 1859 485 1859 453 1842 451 1842 402 1842 401 1842 399 1842 352 1857 271 1841 214 1841 212 1841 211 1841 185 1855 185 1893"/></Shape>
	    <String CONTENT="plus amplement en mon Dialogue d’amour, in¬"
                    HPOS="185"
                    VPOS="1841"
                    WIDTH="1181"
                    HEIGHT="89"
                    WC="0.97391217253929"></String>
          </TextLine>

          
          
          <TextLine ID="eSc_line_64060573"
                    TAGREFS="LT1585"
                    BASELINE="185 1975 993 1984 1365 1976" 
                    HPOS="185"
                    VPOS="1923"
                    WIDTH="1180"
                    HEIGHT="90">
            <Shape><Polygon POINTS="185 1975 185 2006 238 1998 277 2006 286 2007 288 2007 289 2007 290 2007 293 2006 318 1991 334 1991 360 2005 365 2007 367 2007 368 2007 382 2005 440 1991 505 1991 525 2003 528 2006 529 2006 531 2006 532 2006 533 2006 544 2003 586 1992 607 2003 617 2007 618 2007 619 2007 621 2007 636 2002 666 1992 713 1996 722 2002 734 2010 735 2010 737 2010 738 2010 739 2010 768 2002 793 1994 840 1994 865 2001 902 2012 903 2012 905 2013 1031 2013 1031 2012 1033 2012 1049 2005 1059 2012 1060 2012 1062 2012 1063 2013 1157 2013 1157 2012 1158 2012 1160 2012 1171 2005 1257 2013 1258 2013 1259 2013 1261 2013 1283 1996 1284 1996 1363 1996 1365 1976 1365 1941 1336 1930 1335 1930 1333 1930 1276 1939 1270 1939 1261 1939 1134 1927 1030 1927 1029 1927 1027 1927 1010 1935 1003 1941 954 1941 944 1935 935 1930 933 1930 932 1930 930 1930 918 1935 913 1938 798 1938 773 1932 733 1926 731 1926 666 1931 603 1936 593 1930 591 1928 589 1928 588 1928 586 1928 562 1930 510 1934 479 1928 442 1923 410 1923 409 1923 408 1923 406 1923 399 1928 389 1935 375 1927 367 1923 365 1923 364 1923 363 1923 353 1927 334 1935 185 1926 185 1975"/></Shape>
	    <String CONTENT="ſcript Pylades, contre la contraire, faulſe, &amp; perni¬"
                    HPOS="185"
                    VPOS="1923"
                    WIDTH="1180"
                    HEIGHT="90"
                    WC="0.976265603641294"></String>
          </TextLine>

          
          
          <TextLine ID="eSc_line_e8080a36"
                    TAGREFS="LT1585"
                    BASELINE="185 2054 873 2063 1366 2055" 
                    HPOS="184"
                    VPOS="2009"
                    WIDTH="1182"
                    HEIGHT="82">
            <Shape><Polygon POINTS="185 2054 184 2069 229 2070 268 2088 270 2088 271 2088 345 2080 359 2088 360 2088 361 2088 363 2089 406 2089 406 2088 408 2088 409 2088 429 2076 464 2085 465 2085 466 2085 468 2085 506 2072 552 2088 554 2088 555 2088 556 2088 589 2077 675 2076 693 2087 694 2087 696 2087 697 2087 754 2081 767 2089 768 2089 769 2089 771 2091 827 2091 827 2089 828 2089 829 2089 850 2076 943 2076 991 2091 992 2091 993 2091 995 2091 1034 2080 1126 2091 1127 2091 1128 2091 1168 2076 1365 2073 1366 2055 1365 2018 1300 2012 1299 2012 1298 2012 1296 2012 1287 2018 1277 2024 1249 2024 1202 2018 1141 2012 1139 2012 1138 2012 1126 2018 1116 2022 1055 2018 1016 2016 1015 2016 1001 2018 981 2022 918 2022 909 2018 888 2012 887 2012 885 2012 884 2012 864 2018 855 2021 846 2018 829 2013 828 2013 827 2013 825 2013 806 2018 795 2021 772 2018 708 2010 707 2010 705 2010 683 2018 675 2022 617 2022 610 2018 589 2009 588 2009 586 2009 585 2009 550 2018 543 2020 537 2018 495 2009 494 2009 492 2009 473 2018 470 2020 457 2018 384 2012 383 2012 382 2012 357 2018 353 2020 352 2018 338 2009 337 2009 335 2009 300 2009 298 2009 297 2009 259 2018 259 2020 185 2020 185 2054"/></Shape>
	    <String CONTENT="cieuſe opinion. Pour donques vous monstrer com¬"
                    HPOS="184"
                    VPOS="2009"
                    WIDTH="1182"
                    HEIGHT="82"
                    WC="0.975250776777876"></String>
          </TextLine>

          
          
          <TextLine ID="eSc_line_0911c39c"
                    TAGREFS="LT1585"
                    BASELINE="185 2134 1014 2147 1369 2136" 
                    HPOS="185"
                    VPOS="2084"
                    WIDTH="1184"
                    HEIGHT="83">
            <Shape><Polygon POINTS="185 2134 185 2151 365 2148 374 2152 394 2162 395 2162 397 2162 398 2162 399 2162 413 2152 429 2152 470 2151 473 2152 494 2163 495 2163 496 2164 543 2164 543 2163 622 2152 648 2149 655 2152 678 2164 679 2164 681 2164 750 2152 764 2151 768 2152 783 2163 784 2163 786 2163 842 2166 843 2167 914 2167 914 2166 915 2166 917 2166 937 2153 954 2163 955 2163 1016 2167 1018 2167 1019 2167 1060 2153 1062 2153 1101 2167 1102 2167 1104 2167 1105 2167 1134 2153 1135 2153 1148 2153 1289 2162 1291 2162 1367 2153 1369 2136 1366 2091 1234 2093 1232 2093 1231 2093 1216 2103 1186 2091 1183 2089 1182 2089 1180 2089 1171 2091 1134 2098 1112 2091 1108 2089 1107 2089 1105 2089 1096 2091 1053 2100 1029 2093 1027 2093 1026 2093 1025 2093 1001 2106 922 2106 894 2091 887 2088 885 2088 884 2088 866 2091 810 2104 689 2104 663 2095 662 2095 660 2095 659 2095 642 2103 491 2103 464 2092 439 2084 438 2084 393 2084 391 2084 390 2084 367 2092 346 2100 309 2093 277 2087 211 2084 210 2084 208 2084 185 2092 185 2134"/></Shape>
	    <String CONTENT="ment ceste amour me conſacre &amp; dedie totale¬"
                    HPOS="185"
                    VPOS="2084"
                    WIDTH="1184"
                    HEIGHT="83"
                    WC="0.987642408771948"></String>
          </TextLine>

          
          
          <TextLine ID="eSc_line_4447db63"
                    TAGREFS="LT1585"
                    BASELINE="184 2216 855 2226 1366 2216" 
                    HPOS="184"
                    VPOS="2171"
                    WIDTH="1182"
                    HEIGHT="86">
            <Shape><Polygon POINTS="184 2216 184 2256 255 2256 255 2254 256 2254 289 2239 414 2239 483 2253 494 2254 495 2254 505 2253 547 2242 584 2252 593 2254 595 2254 596 2254 619 2252 696 2241 754 2250 780 2254 782 2256 827 2256 827 2254 828 2254 829 2254 836 2250 850 2241 905 2249 924 2252 925 2252 945 2249 981 2244 992 2249 1007 2256 1008 2256 1010 2257 1077 2257 1077 2256 1078 2256 1098 2248 1116 2241 1197 2244 1203 2246 1227 2256 1228 2256 1229 2256 1365 2245 1366 2216 1363 2178 1328 2173 1326 2173 1325 2173 1324 2173 1318 2177 1311 2182 1217 2184 1150 2177 1127 2174 1126 2174 1124 2174 1123 2174 1120 2177 1108 2185 993 2185 970 2175 966 2174 965 2174 963 2174 962 2174 961 2174 959 2175 948 2184 894 2184 767 2174 742 2173 741 2173 733 2174 698 2181 626 2174 625 2174 623 2174 622 2174 610 2184 499 2184 484 2173 483 2171 481 2171 480 2171 425 2171 424 2171 416 2171 345 2182 331 2173 330 2173 328 2173 184 2171 184 2216"/></Shape>
	    <String CONTENT="ment à vous, i&#x27;ay recuilli certaines miennes peti¬"
                    HPOS="184"
                    VPOS="2171"
                    WIDTH="1182"
                    HEIGHT="86"
                    WC="0.980255326803993"></String>
          </TextLine>

          
        </TextBlock>
        
        <TextBlock HPOS="1303.0"
                   VPOS="2258.0"
                   WIDTH="69.0"
                   HEIGHT="48.0"
                   ID="block_2"
                   TAGREFS="BT4975">
          <Shape><Polygon POINTS="1303 2258 1372 2258 1372 2306 1303 2306 1303 2258"/></Shape>
          
          
          <TextLine ID="eSc_line_dbfa2912"
                    TAGREFS="LT1585"
                    BASELINE="1303 2295 1370 2293" 
                    HPOS="1300"
                    VPOS="2253"
                    WIDTH="70"
                    HEIGHT="68">
            <Shape><Polygon POINTS="1362 2257 1350 2253 1348 2253 1347 2253 1300 2260 1303 2295 1303 2321 1370 2308 1370 2293 1369 2286 1362 2257"/></Shape>
	    <String CONTENT="tes"
                    HPOS="1300"
                    VPOS="2253"
                    WIDTH="70"
                    HEIGHT="68"
                    WC="0.999870518843333"></String>
          </TextLine>

          
        </TextBlock>
        

        
      </PrintSpace>
    </Page>
  </Layout>
</alto>
