1463 2473
92 26 63 103 40

451 12 425 74 REPOS

254 97 895 98 Du Ciel qui eſt cauſe de mon tourment,

255 179 993 94 Et de la Mort qui tout mort ne me mord.

196 262 1018 97 Mais veuille Dieu qu'elle me ſoit tant douce,

258 337 1012 113 Qu'en Paradis en brief tous deux nous pouſſe,

251 427 865 92 Ou nous puißions enſemble demeurer.

195 502 850 99 Alors le Ciel par ſa haulte puiſſance,

255 589 757 89 Me donnera parfaite iouiſſance,

258 673 824 93 De ce qu'en terre il me fait eſperer.

473 798 665 90 D'une naiſſance celebrable

587 886 437 63 en tous les ſiecles.

717 952 182 78 Sonet.

192 1078 950 87 Quatorze iours Mars deuant tes Calendes

248 1155 861 88 Du ciel treshault en la terre profonde

247 1237 758 83 Fut enuoyé le miracle du monde,

250 1321 944 85 Que d’adorer, Amour, tu me commandes.

185 1402 1030 85 L’an que le ciel monſtrant ces vertus grandes

242 1483 940 85 Pour honorer celle ame ſainte & munde

240 1562 902 89 Tranſmit la Paix en la machine ronde,

237 1647 912 90 Et feit à Mars cruel rompre ſes bandes.

174 1725 1011 99 Princes & Roys par longs diſcors troublez,

235 1806 880 96 Ceſt an heureux à Cambray aſſemblez

229 1893 899 88 Feirent paiſible & tranquille la terre.

170 1975 954 91 Las pourquoy donq eſt ce Sainte que vous

231 2056 742 87 Auez eſté cauſe de paix à tous,

229 2136 843 108 Et à moy ſeul d’une eternelle guerre?

1270 2216 77 77 De
