1530 2496
112 33 1040 94 DE PLVS GRAND TRAVAIL.

1312 73 61 92 41

299 124 656 90 De ſon amour troublee &

431 212 391 80 puis tranquille.

499 302 184 77 Sonet.

55 425 861 88 Sus celle mer i'eſtois ou print naiſſance

99 510 920 89 Celle qui donne aux amoureux tourment:

98 592 763 86 En vne nef ſouz le gouuernement

95 671 1061 98 Du Dieu vainqueur des Dieux en ſon enfance.

51 748 1058 110 Les Auſtres fiers ſouffloient à grand' puiſſance,

98 832 778 88 Et esleuoient les flots horriblement:

94 913 835 90 La nef hurtoit aux rochers, tellement

104 999 762 89 Que de ſalut ie n'auois eſperance.

49 1081 908 94 Mais ie inuoquay deuotement ma Sainte,

95 1163 912 94 Qui naiſtre feit en oyant ma complainte,

90 1245 951 86 Deux aſtres clairs par ſes douces œillades.

55 1321 866 98 Ces feu diuins les rudes vens chaſſerent,

94 1404 878 100 Et de paſſer ſans danger m'aſſeurerent,

90 1486 985 110 Scylle, Charybde, & les deux Symplegades.

258 1614 718 104 Il ſe compare à Petrarque, &

384 1697 449 84 ſa Sainte à Laure.

517 1823 187 67 Sonet.

38 1917 776 98 Le Florentin Poëte au grand renom

83 2002 692 93 Abandonna la plaiſante Italie,

86 2077 833 97 Et feit chanter haultement ſa Thalie,

86 2161 840 113 Pour la beauté de Laure en Auignon.

784 2273 131 83 c 5

1090 2274 133 83 Suyu
