1463 2473
228 46 77 81 42

643 32 386 69 REPOS

306 125 931 87 Suyuant Amour mon païs Bourguignon,

368 208 853 77 Heureux à tous, ſinon à moy, i'oublie:

368 287 903 79 Et à ma Sainte en Rommans ie m'allie,

372 366 792 79 Subiet qui doit eterniſer mon nom.

309 441 865 83 Morte de Laure eſt la beauté louable,

372 524 893 79 Mais la vertu de ma Sainte admirable

376 607 890 85 Viura touſiours en deſpit de la Parque.

308 688 929 88 De vous feray Muſes donq iuſte plainte,

369 773 984 81 Si comme Laure eſtoit moins que ma Sainte

372 853 960 85 Ne me rendez vn iour plus que Petrarque.

540 939 755 85 De la chaſteté de ſa Sainte, qui

743 1015 352 74 le fait eſcrire.

308 1088 908 94 Quand mon deſir triompha de ma peur,

365 1168 825 97 Et que la langue en propos amiable,

365 1257 949 82 A ma Daphné, ou au moins fa ſemblable,

365 1335 952 91 Monſtra le feu long temps caché au cœur.

305 1417 810 84 Elle voulant eſtaindre ceſte ardeur

367 1496 766 85 Par vn nenny (refus inexorable)

365 1581 785 81 Me prononça tellement miſerable,

368 1663 927 85 Que toutesfois ie n'euz onq ſi grand heur.

306 1740 879 84 Car (ô terrible en nous metamorphoſe)

371 1817 775 94 Quand la cruelle à fuir ſe diſpoſe,

360 1899 774 90 Courant Diane à ſon ſacré autel.

308 1978 1006 95 N'eſtant pluis moy, d’Apollon ie prens l’eſtre,

369 2063 1000 89 Et ie la voy, comme vn verd laurier croiſtre,

368 2144 931 105 Ornant mon chef à ceſte heure immortel.

1387 2216 40 69 Du
