<?xml version="1.0" encoding="UTF-8"?>
<alto xmlns:xsi="http://www.w3.org/2001/XMLSchema-instance"
      xmlns="http://www.loc.gov/standards/alto/ns-v4#"
      xsi:schemaLocation="http://www.loc.gov/standards/alto/ns-v4# http://www.loc.gov/standards/alto/v4/alto-4-2.xsd">
  <Description>
    <MeasurementUnit>pixel</MeasurementUnit>
    <sourceImageInformation>
      <fileName>43.jpg</fileName>
      
    </sourceImageInformation>
  </Description>
  
  <Tags>
    <OtherTag ID="BT4980" LABEL="TitlePageZone" DESCRIPTION="block type TitlePageZone"/><OtherTag ID="BT4979" LABEL="TableZone" DESCRIPTION="block type TableZone"/><OtherTag ID="BT4978" LABEL="StampZone" DESCRIPTION="block type StampZone"/><OtherTag ID="BT4977" LABEL="SealZone" DESCRIPTION="block type SealZone"/><OtherTag ID="BT4976" LABEL="RunningTitleZone" DESCRIPTION="block type RunningTitleZone"/><OtherTag ID="BT4975" LABEL="QuireMarksZone" DESCRIPTION="block type QuireMarksZone"/><OtherTag ID="BT4974" LABEL="NumberingZone" DESCRIPTION="block type NumberingZone"/><OtherTag ID="BT4973" LABEL="MusicZone" DESCRIPTION="block type MusicZone"/><OtherTag ID="BT4972" LABEL="MarginTextZone" DESCRIPTION="block type MarginTextZone"/><OtherTag ID="BT4971" LABEL="MainZone" DESCRIPTION="block type MainZone"/><OtherTag ID="BT4970" LABEL="DropCapitalZone" DESCRIPTION="block type DropCapitalZone"/><OtherTag ID="BT4969" LABEL="DigitizationArtefactZone" DESCRIPTION="block type DigitizationArtefactZone"/><OtherTag ID="BT4968" LABEL="GraphicZone" DESCRIPTION="block type GraphicZone"/><OtherTag ID="BT4967" LABEL="DamageZone" DESCRIPTION="block type DamageZone"/><OtherTag ID="BT4966" LABEL="CustomZone" DESCRIPTION="block type CustomZone"/>
    <OtherTag ID="LT1589" LABEL="MusicLine" DESCRIPTION="line type MusicLine"/><OtherTag ID="LT1588" LABEL="InterlinearLine" DESCRIPTION="line type InterlinearLine"/><OtherTag ID="LT1587" LABEL="HeadingLine" DESCRIPTION="line type HeadingLine"/><OtherTag ID="LT1586" LABEL="DropCapitalLine" DESCRIPTION="line type DropCapitalLine"/><OtherTag ID="LT1585" LABEL="DefaultLine" DESCRIPTION="line type DefaultLine"/><OtherTag ID="LT1584" LABEL="CustomLine" DESCRIPTION="line type CustomLine"/>
  </Tags>
  
  <Layout>
    <Page WIDTH="1535"
          HEIGHT="2496"
          PHYSICAL_IMG_NR="42"
          ID="eSc_dummypage_">
      <PrintSpace HPOS="0"
                  VPOS="0"
                  WIDTH="1535"
                  HEIGHT="2496">
        
        <TextBlock HPOS="98.0"
                   VPOS="30.0"
                   WIDTH="643.0"
                   HEIGHT="66.0"
                   ID="block_1"
                   TAGREFS="BT4976">
          <Shape><Polygon POINTS="98 30 741 30 741 96 98 96 98 30"/></Shape>
          
          
          <TextLine ID="eSc_line_00b6771e"
                    TAGREFS="LT1587"
                    BASELINE="108 80 659 74 1135 87" 
                    HPOS="106"
                    VPOS="15"
                    WIDTH="1029"
                    HEIGHT="89">
            <Shape><Polygon POINTS="1120 42 1106 41 1092 41 1078 41 1064 41 1050 40 1036 40 1035 40 1022 40 1008 38 999 38 996 40 986 38 981 38 967 37 953 37 939 37 925 36 911 36 897 36 893 34 884 37 863 34 856 34 842 33 828 33 814 33 800 31 786 31 784 31 773 40 732 40 716 30 714 29 703 29 689 29 687 27 685 29 627 34 613 27 610 26 606 26 600 24 596 27 567 37 517 24 510 23 509 23 499 22 495 24 467 38 438 38 424 27 423 27 421 27 420 27 328 34 294 19 287 16 285 16 117 15 111 22 108 80 106 97 183 98 184 98 185 98 187 98 219 87 263 97 265 97 321 87 356 94 358 94 359 94 360 94 369 87 413 94 414 94 516 88 534 99 535 99 537 99 538 99 539 99 562 91 649 101 660 101 662 101 663 101 664 101 673 92 778 90 807 101 809 101 810 101 811 101 834 90 896 102 903 102 904 104 1133 104 1135 87 1133 42"/></Shape>
	    <String CONTENT="DE PLVS GRAND TRAVAIL."
                    HPOS="106"
                    VPOS="15"
                    WIDTH="1029"
                    HEIGHT="89"
                    WC="0.981482503089038"></String>
          </TextLine>

          
        </TextBlock>
        
        <TextBlock HPOS="1272.0"
                   VPOS="57.0"
                   WIDTH="74.0"
                   HEIGHT="60.0"
                   ID="block_2"
                   TAGREFS="BT4974">
          <Shape><Polygon POINTS="1272 57 1346 57 1346 117 1272 117 1272 57"/></Shape>
          
          
          <TextLine ID="eSc_line_93ca6dfb"
                    TAGREFS="LT1585"
                    BASELINE="1274 98 1336 98" 
                    HPOS="1274"
                    VPOS="49"
                    WIDTH="62"
                    HEIGHT="85">
            <Shape><Polygon POINTS="1274 98 1274 123 1335 134 1336 98 1335 49 1274 58 1274 98"/></Shape>
	    <String CONTENT="43"
                    HPOS="1274"
                    VPOS="49"
                    WIDTH="62"
                    HEIGHT="85"></String>
          </TextLine>

          
        </TextBlock>
        
        <TextBlock HPOS="31.0"
                   VPOS="111.0"
                   WIDTH="1129.0"
                   HEIGHT="2142.0"
                   ID="block_0"
                   TAGREFS="BT4971">
          <Shape><Polygon POINTS="31 111 1160 111 1160 2253 31 2253 31 111"/></Shape>
          
          
          <TextLine ID="eSc_line_283daa17"
                    TAGREFS="LT1585"
                    BASELINE="45 249 376 242 834 246" 
                    HPOS="44"
                    VPOS="192"
                    WIDTH="790"
                    HEIGHT="77">
            <Shape><Polygon POINTS="45 249 45 266 90 259 154 267 163 267 165 267 166 267 169 267 197 257 266 267 273 267 274 267 276 267 277 267 297 256 317 263 319 263 320 263 412 256 438 267 439 267 441 267 442 267 444 267 445 267 463 256 699 266 700 266 702 266 703 266 717 257 724 263 724 264 725 264 727 264 728 264 730 264 741 259 763 267 764 267 766 267 767 267 788 259 796 267 798 267 799 267 800 269 832 269 834 246 832 208 786 208 770 192 768 192 767 192 766 192 764 192 736 208 659 208 642 192 641 192 639 192 612 192 610 192 609 192 560 206 524 192 523 192 521 192 520 192 480 202 441 195 439 195 333 205 303 195 302 195 301 195 220 203 202 192 201 192 199 192 158 192 156 192 155 192 154 192 154 194 140 208 98 208 79 194 77 194 76 194 74 194 73 194 44 206 45 249"/></Shape>
	    <String CONTENT="Ie n&#x27;eſtois pas encores tant heureux,"
                    HPOS="44"
                    VPOS="192"
                    WIDTH="790"
                    HEIGHT="77"
                    WC="0.988932680439305"></String>
          </TextLine>

          
          
          <TextLine ID="eSc_line_48c04f94"
                    TAGREFS="LT1587"
                    BASELINE="249 166 896 170" 
                    HPOS="248"
                    VPOS="112"
                    WIDTH="648"
                    HEIGHT="80">
            <Shape><Polygon POINTS="248 177 284 189 285 189 287 189 288 189 290 189 303 178 320 189 321 189 323 189 324 189 384 178 388 178 392 178 464 191 466 191 524 181 534 180 670 180 673 184 677 188 678 188 678 189 680 189 681 189 682 189 711 184 728 181 741 185 763 192 764 192 766 192 895 187 896 170 895 128 854 120 853 120 821 126 813 127 810 126 802 120 800 120 799 120 798 120 760 124 735 127 725 123 717 120 716 120 714 120 713 120 702 123 684 127 674 122 656 113 655 113 621 113 620 113 618 113 617 113 617 115 610 120 605 126 591 120 574 113 573 113 571 113 570 113 555 119 537 126 520 119 519 119 517 119 516 119 514 119 507 123 502 117 499 116 499 115 498 115 496 115 495 115 459 116 348 124 335 113 334 113 334 112 333 112 331 112 249 112 249 166"/></Shape>
	    <String CONTENT="Du moyen de ſon amour."
                    HPOS="248"
                    VPOS="112"
                    WIDTH="648"
                    HEIGHT="80"
                    WC="0.997312193567103"></String>
          </TextLine>

          
          
          <TextLine ID="eSc_line_35615656"
                    TAGREFS="LT1585"
                    BASELINE="94 327 557 324 929 334" 
                    HPOS="92"
                    VPOS="270"
                    WIDTH="837"
                    HEIGHT="89">
            <Shape><Polygon POINTS="94 327 92 338 155 338 159 342 169 349 169 350 170 350 172 350 173 350 174 350 199 342 201 342 212 353 212 354 213 354 215 354 216 356 234 356 234 354 235 354 237 354 251 343 255 339 266 343 297 356 298 356 299 356 301 356 302 356 317 345 321 342 326 345 337 354 337 356 338 356 340 356 341 357 358 357 358 356 359 356 360 356 373 346 383 339 507 339 535 348 537 348 538 348 627 341 643 352 650 357 652 357 653 357 655 359 928 359 929 334 928 291 834 291 832 289 814 273 813 273 811 273 764 273 763 273 761 273 731 289 718 280 717 280 716 280 714 280 713 280 696 288 656 281 655 281 653 281 652 281 641 288 617 278 616 278 614 278 566 288 564 288 548 273 548 271 546 271 545 271 501 270 499 270 462 278 451 270 449 270 448 270 446 270 445 270 444 270 421 284 408 271 408 270 406 270 405 270 403 270 345 277 299 270 298 270 297 270 255 285 233 275 231 275 230 275 229 275 227 275 227 277 217 285 217 287 147 287 145 285 129 274 127 274 126 274 124 274 123 274 94 284 94 327"/></Shape>
	    <String CONTENT="Lors que faiſant dedens toy reſidence,"
                    HPOS="92"
                    VPOS="270"
                    WIDTH="837"
                    HEIGHT="89"
                    WC="0.985828101634979"></String>
          </TextLine>

          
          
          <TextLine ID="eSc_line_1fd8befa"
                    TAGREFS="LT1585"
                    BASELINE="92 406 795 409" 
                    HPOS="91"
                    VPOS="354"
                    WIDTH="704"
                    HEIGHT="81">
            <Shape><Polygon POINTS="92 406 91 418 137 425 138 425 140 425 141 425 141 424 145 420 148 418 152 420 156 424 158 424 159 424 160 424 181 421 209 417 224 422 234 425 235 425 237 425 238 425 245 422 258 417 303 424 309 424 310 424 317 424 405 417 423 427 435 432 437 432 485 434 487 434 488 434 489 434 496 428 505 421 520 428 526 431 527 431 528 431 530 431 531 431 531 429 532 428 544 420 581 427 582 427 584 427 616 418 625 427 627 427 628 427 630 427 631 427 656 420 670 432 671 434 673 434 674 434 675 435 793 435 795 409 793 371 709 371 707 370 687 356 685 356 684 356 682 356 605 357 603 357 580 370 578 370 570 370 474 359 473 359 430 368 427 370 267 370 262 367 210 354 209 354 165 354 163 354 162 354 160 354 160 356 148 367 148 368 145 367 119 356 117 356 116 356 115 356 92 366 92 406"/></Shape>
	    <String CONTENT="Ie t’honorois ô ingrate Valence,"
                    HPOS="91"
                    VPOS="354"
                    WIDTH="704"
                    HEIGHT="81"
                    WC="0.988104608925906"></String>
          </TextLine>

          
          
          <TextLine ID="eSc_line_e7f6cf3c"
                    TAGREFS="LT1585"
                    BASELINE="95 489 613 488 911 495" 
                    HPOS="94"
                    VPOS="435"
                    WIDTH="817"
                    HEIGHT="78">
            <Shape><Polygon POINTS="95 489 94 497 123 508 124 508 126 510 191 510 191 508 192 508 194 508 204 500 213 508 215 508 216 508 274 510 276 510 277 510 278 510 290 501 344 507 345 507 346 507 359 501 366 499 380 501 403 507 405 507 406 507 408 507 414 503 417 501 419 503 424 507 424 508 426 508 427 508 428 508 470 503 499 500 507 504 513 507 514 507 516 507 517 507 526 504 545 499 570 506 577 507 578 507 580 507 594 506 645 500 695 508 718 511 720 511 721 511 728 508 742 501 757 508 761 511 763 511 764 511 766 511 771 510 795 500 804 510 806 510 806 511 807 511 809 511 810 513 910 513 911 495 910 454 795 446 793 446 728 453 727 453 710 445 709 445 707 445 706 445 685 453 677 446 675 446 674 446 673 446 671 446 670 446 660 453 659 454 591 454 589 453 569 442 567 442 566 442 509 449 470 438 469 438 467 438 388 452 310 436 210 436 209 436 208 436 172 447 154 435 152 435 151 435 149 435 113 436 112 436 111 436 95 447 95 489"/></Shape>
	    <String CONTENT="Que de ſentir ce martire amoureux."
                    HPOS="94"
                    VPOS="435"
                    WIDTH="817"
                    HEIGHT="78"
                    WC="0.981539340580211"></String>
          </TextLine>

          
          
          <TextLine ID="eSc_line_c92a88ee"
                    TAGREFS="LT1585"
                    BASELINE="45 571 562 568 1099 581" 
                    HPOS="44"
                    VPOS="514"
                    WIDTH="1055"
                    HEIGHT="87">
            <Shape><Polygon POINTS="1093 539 856 538 832 520 831 520 829 520 828 520 770 528 752 518 750 518 695 518 693 518 692 518 660 535 656 535 613 532 582 517 581 517 513 515 512 515 399 531 342 529 321 514 320 514 319 514 317 514 266 515 265 515 263 515 240 531 237 531 173 522 172 522 131 529 91 517 90 517 88 517 87 517 45 528 45 571 44 586 104 592 105 592 154 587 210 582 240 582 247 587 255 594 256 594 258 594 259 596 317 596 317 594 346 587 367 583 389 589 423 596 424 596 426 596 427 596 435 589 439 585 476 585 484 589 499 596 501 596 502 596 503 596 519 589 524 586 643 586 648 589 659 599 660 599 662 599 663 599 710 590 723 599 724 599 725 599 727 599 728 599 746 590 750 587 764 590 817 600 818 600 927 590 950 589 963 590 1018 601 1020 601 1021 601 1035 594 1083 601 1085 601 1086 601 1088 601 1097 592 1099 581 1099 543 1093 539"/></Shape>
	    <String CONTENT="Maints conſpiroient (ô les meſchans) entre eux,"
                    HPOS="44"
                    VPOS="514"
                    WIDTH="1055"
                    HEIGHT="87"
                    WC="0.981071079770724"></String>
          </TextLine>

          
          
          <TextLine ID="eSc_line_2f9100df"
                    TAGREFS="LT1585"
                    BASELINE="92 647 1079 658" 
                    HPOS="91"
                    VPOS="592"
                    WIDTH="988"
                    HEIGHT="94">
            <Shape><Polygon POINTS="92 647 91 660 138 673 140 673 141 673 205 662 209 662 210 664 216 668 216 669 217 669 219 669 220 669 272 665 285 664 288 665 305 678 306 678 308 678 309 678 310 678 344 666 348 665 353 666 377 675 378 675 380 675 381 675 399 668 408 665 420 668 462 680 463 680 464 680 466 680 501 671 517 666 566 666 574 672 587 682 588 682 589 682 591 683 628 683 628 682 630 682 645 675 659 668 773 668 793 678 800 680 802 680 803 680 804 680 809 679 824 669 831 676 831 678 832 678 834 678 835 678 860 675 874 680 886 685 888 685 968 686 970 686 971 686 972 686 977 683 985 675 1020 675 1076 685 1079 658 1074 610 1058 619 1006 619 992 610 979 600 978 600 977 600 945 599 943 599 942 599 940 599 927 610 917 618 836 618 827 610 813 597 811 597 810 597 791 597 789 597 788 597 766 610 753 615 741 610 710 596 709 596 707 596 706 596 664 607 646 596 645 596 643 596 519 594 517 594 516 594 478 608 478 610 437 611 428 608 413 603 412 603 410 603 384 608 371 611 367 608 341 592 340 592 338 592 337 592 335 592 305 608 269 592 267 592 266 592 265 592 227 608 223 610 216 608 188 601 187 601 185 601 151 608 147 608 145 608 129 597 127 597 126 597 124 597 123 597 92 607 92 647"/></Shape>
	    <String CONTENT="Contre les ſaints qui blaſmoient leur offence:"
                    HPOS="91"
                    VPOS="592"
                    WIDTH="988"
                    HEIGHT="94"
                    WC="0.981008694223736"></String>
          </TextLine>

          
          
          <TextLine ID="eSc_line_5fd8a64c"
                    TAGREFS="LT1585"
                    BASELINE="88 730 861 736" 
                    HPOS="87"
                    VPOS="676"
                    WIDTH="774"
                    HEIGHT="79">
            <Shape><Polygon POINTS="88 730 87 741 104 751 105 751 106 751 144 743 155 751 156 751 158 751 159 751 269 743 323 751 324 751 326 751 352 744 381 752 383 752 384 752 548 746 575 754 577 754 578 754 655 746 711 755 713 755 714 755 743 748 828 755 829 755 831 755 860 746 861 736 861 697 791 697 789 696 761 680 760 680 739 680 738 680 736 680 735 680 735 682 721 696 720 696 645 696 645 694 627 679 625 679 624 679 623 679 549 694 548 694 535 685 534 685 532 685 531 685 530 685 514 691 476 678 474 678 473 678 378 682 377 682 342 693 324 678 323 678 321 678 320 678 240 687 226 678 224 678 223 678 185 676 184 676 183 676 154 690 126 678 124 678 123 678 122 678 88 690 88 730"/></Shape>
	    <String CONTENT="Et Montlimart ſentoit la violence"
                    HPOS="87"
                    VPOS="676"
                    WIDTH="774"
                    HEIGHT="79"
                    WC="0.986174431714145"></String>
          </TextLine>

          
          
          <TextLine ID="eSc_line_c9e4584c"
                    TAGREFS="LT1585"
                    BASELINE="88 813 946 819" 
                    HPOS="87"
                    VPOS="758"
                    WIDTH="859"
                    HEIGHT="80">
            <Shape><Polygon POINTS="88 813 87 823 126 832 127 832 256 826 284 826 331 827 463 834 464 834 466 834 482 830 495 827 505 830 517 836 519 836 520 836 606 833 693 829 703 834 707 836 709 836 755 837 756 837 757 837 759 837 759 836 760 834 764 832 768 834 770 837 771 837 773 837 774 838 945 838 946 819 943 762 913 779 852 779 821 762 820 762 818 762 817 762 811 762 742 777 716 777 705 768 705 766 703 766 702 766 700 766 699 766 662 776 650 766 650 765 649 765 648 765 646 765 645 765 607 776 545 768 544 768 542 768 541 768 534 775 524 764 520 761 520 759 519 759 517 759 484 759 482 759 481 759 471 764 451 776 398 776 383 765 376 759 374 759 373 759 308 759 306 759 305 759 303 759 298 765 287 773 149 770 144 765 136 758 134 758 133 758 131 758 88 765 88 813"/></Shape>
	    <String CONTENT="De ce vieil Dieu du centre tenebreux."
                    HPOS="87"
                    VPOS="758"
                    WIDTH="859"
                    HEIGHT="80"
                    WC="0.978011804658013"></String>
          </TextLine>

          
          
          <TextLine ID="eSc_line_7be857f8"
                    TAGREFS="LT1585"
                    BASELINE="47 898 438 894 895 901" 
                    HPOS="45"
                    VPOS="836"
                    WIDTH="850"
                    HEIGHT="87">
            <Shape><Polygon POINTS="47 862 47 898 45 911 216 906 237 915 253 922 255 922 256 922 258 922 259 922 259 920 266 915 274 908 435 908 452 917 458 922 459 922 460 922 462 923 488 923 488 922 489 922 491 922 491 920 495 917 499 913 505 917 507 920 507 922 509 922 510 922 594 923 595 923 596 923 607 919 631 911 641 919 642 919 643 919 692 920 693 920 698 920 756 909 789 922 792 922 793 922 795 923 893 923 895 901 893 861 755 861 753 859 730 840 728 840 727 840 725 840 642 859 641 859 614 838 613 838 612 838 569 837 567 837 535 838 534 838 532 838 532 840 516 855 491 840 489 840 488 840 487 840 485 840 484 840 467 851 451 840 449 840 448 840 446 840 445 840 414 852 360 837 359 837 338 837 337 837 335 837 334 837 334 838 321 848 306 837 305 837 303 837 256 837 255 837 253 837 252 837 222 856 177 856 166 845 166 844 165 844 163 844 162 844 160 844 138 854 101 836 99 836 98 836 97 836 95 836 95 837 73 858 47 858 47 862"/></Shape>
	    <String CONTENT="Alors me feit le toutpuiſſant Seigneur,"
                    HPOS="45"
                    VPOS="836"
                    WIDTH="850"
                    HEIGHT="87"
                    WC="0.980122638054383"></String>
          </TextLine>

          
          
          <TextLine ID="eSc_line_b15542a2"
                    TAGREFS="LT1585"
                    BASELINE="91 976 1100 985" 
                    HPOS="90"
                    VPOS="919"
                    WIDTH="1010"
                    HEIGHT="90">
            <Shape><Polygon POINTS="91 976 90 988 111 1002 112 1002 113 1002 115 1003 190 1003 190 1002 191 1002 192 1002 205 992 240 999 241 999 242 999 266 991 281 1003 283 1003 284 1003 285 1005 313 1005 313 1003 359 992 369 991 417 992 420 994 444 1005 445 1005 446 1005 499 997 521 992 545 997 588 1006 589 1006 634 999 667 994 693 1001 706 1003 707 1003 709 1003 736 1002 810 995 828 1003 841 1009 842 1009 843 1009 871 1005 900 999 914 1005 922 1009 924 1009 925 1009 927 1009 935 1006 956 998 1097 1009 1100 985 1099 944 981 945 972 941 942 926 940 926 892 926 891 926 889 926 857 940 846 944 748 944 741 938 728 926 727 926 725 926 724 926 681 933 668 923 667 923 666 923 627 923 625 923 624 923 623 923 606 936 596 942 552 942 538 934 513 922 512 922 464 922 463 922 462 922 460 922 446 933 439 940 416 933 410 931 409 931 408 931 406 931 405 931 403 933 394 938 384 933 381 930 380 930 378 930 377 930 376 930 367 933 360 934 359 931 345 920 344 920 342 920 316 920 315 920 313 920 291 931 283 936 277 931 266 920 265 920 263 920 234 919 233 919 231 919 230 919 215 930 206 934 91 929 91 976"/></Shape>
	    <String CONTENT="Qui m&#x27;ha fait naiſtre à ſa gloire &amp; honneur"
                    HPOS="90"
                    VPOS="919"
                    WIDTH="1010"
                    HEIGHT="90"
                    WC="0.975110915574161"></String>
          </TextLine>

          
          
          <TextLine ID="eSc_line_ce7433f8"
                    TAGREFS="LT1585"
                    BASELINE="87 1053 1028 1067" 
                    HPOS="86"
                    VPOS="999"
                    WIDTH="942"
                    HEIGHT="95">
            <Shape><Polygon POINTS="87 1053 86 1064 148 1078 149 1078 151 1078 173 1069 273 1069 309 1080 310 1080 312 1080 363 1076 451 1085 452 1085 453 1085 473 1076 542 1074 578 1088 580 1088 581 1088 582 1088 607 1076 746 1091 748 1091 809 1077 829 1089 831 1089 832 1089 872 1092 874 1094 906 1094 906 1092 907 1092 909 1092 927 1078 988 1091 989 1091 990 1091 1027 1078 1028 1067 1027 1030 989 1030 989 1028 979 1020 978 1020 977 1020 975 1020 974 1020 972 1020 963 1028 961 1028 957 1028 903 1020 902 1020 872 1027 870 1027 868 1027 842 1009 841 1009 839 1009 838 1009 795 1017 760 1009 759 1009 757 1009 756 1009 755 1009 731 1024 730 1026 652 1026 648 1023 602 1006 600 1006 577 1006 575 1006 574 1006 573 1006 555 1021 550 1021 448 1013 446 1013 410 1019 370 1002 369 1002 284 1002 283 1002 281 1002 234 1016 230 1019 192 1019 185 1016 127 999 126 999 124 999 123 999 87 1013 87 1053"/></Shape>
	    <String CONTENT="Changer de lieu pour chanter ſes louenges."
                    HPOS="86"
                    VPOS="999"
                    WIDTH="942"
                    HEIGHT="95"
                    WC="0.987128283296313"></String>
          </TextLine>

          
          
          <TextLine ID="eSc_line_ce93d353"
                    TAGREFS="LT1585"
                    BASELINE="44 1137 734 1146" 
                    HPOS="43"
                    VPOS="1085"
                    WIDTH="691"
                    HEIGHT="83">
            <Shape><Polygon POINTS="44 1113 44 1137 43 1155 51 1162 52 1162 54 1162 55 1162 56 1162 74 1152 88 1162 90 1162 91 1162 92 1163 124 1163 124 1162 156 1155 180 1149 244 1156 259 1157 260 1157 272 1157 335 1150 348 1159 349 1159 351 1159 352 1159 353 1159 355 1159 363 1152 435 1152 487 1162 501 1164 502 1164 503 1164 509 1163 531 1155 545 1163 552 1168 553 1168 555 1168 556 1168 557 1168 567 1164 580 1157 591 1164 596 1168 598 1168 599 1168 600 1168 732 1167 734 1146 732 1106 684 1106 684 1105 671 1092 671 1091 670 1091 668 1091 634 1089 632 1089 631 1089 602 1099 552 1089 550 1089 549 1089 548 1089 535 1099 521 1088 520 1088 519 1088 517 1088 516 1088 487 1102 419 1091 417 1091 346 1099 340 1089 338 1089 338 1088 337 1088 335 1088 309 1085 276 1085 274 1085 273 1085 272 1085 272 1087 256 1099 216 1091 215 1091 213 1091 212 1091 201 1098 147 1091 145 1091 109 1096 59 1087 58 1087 56 1087 55 1087 49 1089 44 1113"/></Shape>
	    <String CONTENT="Et puis voulut tant me Deïfier,"
                    HPOS="43"
                    VPOS="1085"
                    WIDTH="691"
                    HEIGHT="83"
                    WC="0.968350868672132"></String>
          </TextLine>

          
          
          <TextLine ID="eSc_line_090221e9"
                    TAGREFS="LT1585"
                    BASELINE="91 1217 885 1228" 
                    HPOS="90"
                    VPOS="1162"
                    WIDTH="795"
                    HEIGHT="90">
            <Shape><Polygon POINTS="91 1217 90 1231 113 1242 115 1242 116 1242 188 1232 222 1239 223 1239 284 1234 287 1234 299 1243 299 1245 301 1245 302 1245 303 1246 344 1246 344 1245 345 1245 346 1245 360 1235 362 1235 412 1235 412 1236 420 1243 420 1245 421 1245 423 1245 424 1245 426 1245 427 1245 439 1236 441 1236 462 1243 463 1243 464 1243 492 1238 494 1238 495 1238 517 1248 519 1248 520 1248 560 1239 567 1238 571 1239 589 1248 591 1248 592 1248 627 1241 634 1239 635 1241 646 1249 648 1249 649 1249 650 1249 652 1249 678 1242 799 1242 802 1243 817 1252 818 1252 820 1252 884 1245 885 1228 884 1189 786 1170 785 1170 784 1170 738 1186 736 1186 700 1174 699 1174 698 1174 696 1174 662 1185 660 1186 620 1186 618 1185 607 1175 606 1175 605 1175 603 1175 466 1182 453 1182 452 1182 444 1174 444 1173 442 1173 441 1173 439 1173 402 1181 396 1182 395 1181 371 1164 370 1164 369 1164 338 1164 337 1164 335 1164 334 1164 334 1166 319 1180 317 1181 308 1180 190 1162 188 1162 187 1162 158 1177 155 1180 137 1180 136 1177 126 1168 126 1167 124 1167 123 1167 122 1167 120 1167 91 1175 91 1217"/></Shape>
	    <String CONTENT="Que de me faire à ma Sainte allier,"
                    HPOS="90"
                    VPOS="1162"
                    WIDTH="795"
                    HEIGHT="90"
                    WC="0.994235891434881"></String>
          </TextLine>

          
          
          <TextLine ID="eSc_line_bdcc37ac"
                    TAGREFS="LT1585"
                    BASELINE="88 1299 940 1309" 
                    HPOS="87"
                    VPOS="1243"
                    WIDTH="853"
                    HEIGHT="96">
            <Shape><Polygon POINTS="88 1299 87 1327 94 1332 95 1332 97 1332 98 1333 136 1333 136 1332 137 1332 138 1332 138 1331 148 1322 154 1318 230 1318 240 1324 259 1332 260 1332 262 1332 263 1332 265 1332 274 1324 280 1324 412 1321 417 1327 426 1333 426 1335 427 1335 428 1335 453 1336 455 1338 488 1338 488 1336 489 1336 512 1328 526 1322 592 1322 609 1328 628 1335 630 1335 631 1335 632 1335 634 1335 642 1329 645 1327 660 1329 711 1339 713 1339 714 1339 716 1339 728 1331 736 1325 749 1331 771 1339 773 1339 774 1339 939 1332 940 1309 939 1271 889 1263 888 1263 856 1268 850 1270 849 1268 821 1250 820 1250 818 1250 817 1250 816 1250 814 1250 788 1267 785 1270 732 1270 727 1267 699 1249 698 1249 696 1249 695 1249 693 1249 641 1264 631 1267 592 1264 545 1260 544 1260 523 1263 498 1266 492 1261 473 1248 471 1248 470 1248 469 1248 408 1254 399 1248 399 1246 398 1246 396 1246 395 1246 334 1253 323 1245 321 1245 320 1245 283 1245 281 1245 280 1245 278 1245 260 1257 252 1263 213 1257 205 1256 204 1256 202 1256 199 1256 185 1261 180 1256 167 1245 167 1243 166 1243 165 1243 116 1243 115 1243 113 1243 88 1253 88 1299"/></Shape>
	    <String CONTENT="Eſmerueillable eſprit entre les Anges."
                    HPOS="87"
                    VPOS="1243"
                    WIDTH="853"
                    HEIGHT="96"
                    WC="0.971243110142256"></String>
          </TextLine>

          
          
          <TextLine ID="eSc_line_3b808aef"
                    TAGREFS="LT1587"
                    BASELINE="208 1421 748 1431" 
                    HPOS="206"
                    VPOS="1364"
                    WIDTH="542"
                    HEIGHT="83">
            <Shape><Polygon POINTS="206 1431 234 1440 235 1440 237 1440 277 1435 316 1442 317 1442 380 1436 381 1436 383 1436 438 1444 439 1444 473 1437 478 1437 496 1439 592 1447 594 1447 746 1444 748 1431 748 1390 720 1381 718 1381 717 1381 716 1381 688 1388 684 1389 535 1388 528 1383 495 1368 494 1368 471 1368 470 1368 469 1368 467 1368 452 1379 438 1368 438 1367 437 1367 435 1367 345 1365 344 1365 295 1376 294 1376 274 1364 273 1364 272 1364 224 1364 223 1364 222 1364 220 1364 208 1371 208 1421"/></Shape>
	    <String CONTENT="Chant de ſon amour."
                    HPOS="206"
                    VPOS="1364"
                    WIDTH="542"
                    HEIGHT="83"
                    WC="0.997457758376473"></String>
          </TextLine>

          
          
          <TextLine ID="eSc_line_3e928f06"
                    TAGREFS="LT1585"
                    BASELINE="51 1535 768 1544" 
                    HPOS="49"
                    VPOS="1479"
                    WIDTH="719"
                    HEIGHT="92">
            <Shape><Polygon POINTS="51 1535 49 1561 102 1565 104 1565 105 1565 106 1565 106 1564 109 1561 117 1553 138 1561 151 1566 152 1566 154 1568 230 1568 230 1566 231 1566 244 1561 249 1558 255 1561 267 1568 269 1568 270 1569 305 1569 305 1568 306 1568 328 1561 346 1555 353 1561 359 1565 360 1565 362 1565 363 1565 383 1561 388 1560 391 1561 399 1568 399 1569 401 1569 402 1569 403 1571 433 1571 433 1569 434 1569 435 1569 435 1568 444 1561 448 1557 459 1561 482 1568 484 1568 485 1568 530 1561 548 1558 567 1561 621 1568 623 1568 624 1568 642 1561 702 1561 710 1568 711 1568 713 1568 714 1568 767 1560 768 1544 768 1493 711 1486 710 1486 709 1486 695 1492 664 1503 531 1494 530 1494 528 1494 505 1500 477 1489 462 1482 460 1482 459 1482 433 1485 431 1485 430 1485 430 1486 427 1487 420 1494 410 1487 405 1483 403 1483 402 1483 401 1483 376 1487 346 1492 330 1486 313 1480 312 1480 310 1480 309 1480 297 1486 273 1497 241 1485 231 1482 230 1482 229 1482 227 1482 222 1485 215 1489 210 1485 204 1479 202 1479 201 1479 162 1479 160 1479 159 1479 147 1483 120 1494 51 1483 51 1535"/></Shape>
	    <String CONTENT="Qui euſt pensé Muſes, ou coniecté"
                    HPOS="49"
                    VPOS="1479"
                    WIDTH="719"
                    HEIGHT="92"
                    WC="0.968898052828652"></String>
          </TextLine>

          
          
          <TextLine ID="eSc_line_a8a8dca3"
                    TAGREFS="LT1585"
                    BASELINE="94 1616 904 1629" 
                    HPOS="92"
                    VPOS="1561"
                    WIDTH="812"
                    HEIGHT="98">
            <Shape><Polygon POINTS="94 1616 92 1630 112 1632 130 1648 131 1648 133 1648 134 1648 216 1634 272 1651 273 1651 274 1651 276 1651 305 1641 319 1651 320 1651 321 1651 365 1652 366 1652 367 1652 406 1637 435 1637 448 1647 449 1647 451 1647 452 1647 453 1647 455 1647 469 1639 542 1639 585 1655 587 1655 655 1657 656 1657 657 1657 707 1641 735 1644 748 1657 748 1658 749 1658 750 1658 752 1659 795 1659 795 1658 796 1658 841 1644 903 1643 904 1629 903 1589 868 1589 867 1587 847 1571 846 1571 845 1571 813 1569 811 1569 810 1569 785 1582 738 1569 736 1569 735 1569 734 1569 732 1569 714 1584 714 1586 685 1586 685 1584 674 1575 674 1573 673 1573 671 1573 634 1566 632 1566 631 1566 630 1566 607 1583 570 1573 569 1573 567 1573 539 1578 523 1565 521 1565 520 1565 505 1565 503 1565 502 1565 501 1565 501 1566 482 1582 416 1582 416 1580 401 1565 401 1564 399 1564 398 1564 377 1564 376 1564 374 1564 373 1564 356 1579 310 1562 309 1562 308 1562 306 1562 251 1578 227 1561 226 1561 224 1561 223 1561 222 1561 187 1576 137 1575 126 1565 126 1564 124 1564 123 1564 122 1564 120 1564 94 1575 94 1616"/></Shape>
	    <String CONTENT="Que du plus ſaint de voſtre chaſteté"
                    HPOS="92"
                    VPOS="1561"
                    WIDTH="812"
                    HEIGHT="98"
                    WC="0.997491353266948"></String>
          </TextLine>

          
          
          <TextLine ID="eSc_line_f3db7703"
                    TAGREFS="LT1585"
                    BASELINE="90 1700 695 1711" 
                    HPOS="88"
                    VPOS="1647"
                    WIDTH="607"
                    HEIGHT="80">
            <Shape><Polygon POINTS="90 1700 88 1712 101 1719 102 1719 104 1719 105 1719 216 1713 219 1713 241 1722 242 1722 244 1722 290 1715 295 1715 302 1715 358 1723 359 1723 360 1723 376 1718 381 1716 405 1719 474 1726 476 1726 507 1722 524 1719 544 1722 570 1727 571 1727 594 1723 613 1720 618 1725 621 1727 623 1727 624 1727 625 1727 693 1726 695 1711 695 1675 609 1664 607 1664 606 1664 581 1670 496 1657 495 1657 494 1657 492 1657 492 1658 484 1665 423 1655 421 1655 420 1655 385 1668 366 1661 365 1661 363 1661 313 1665 241 1648 240 1648 238 1648 210 1661 197 1648 195 1648 194 1648 166 1647 145 1647 144 1647 142 1647 141 1647 141 1648 124 1664 90 1664 90 1700"/></Shape>
	    <String CONTENT="A la chair tant contraire,"
                    HPOS="88"
                    VPOS="1647"
                    WIDTH="607"
                    HEIGHT="80"
                    WC="0.956952335742804"></String>
          </TextLine>

          
          
          <TextLine ID="eSc_line_1cb19e16"
                    TAGREFS="LT1585"
                    BASELINE="88 1777 907 1794" 
                    HPOS="87"
                    VPOS="1723"
                    WIDTH="820"
                    HEIGHT="99">
            <Shape><Polygon POINTS="88 1777 87 1791 101 1798 102 1798 104 1798 244 1797 249 1797 262 1808 262 1809 263 1809 265 1809 292 1810 294 1812 341 1812 341 1810 342 1810 362 1801 365 1799 378 1801 441 1812 442 1812 444 1812 459 1805 466 1801 484 1805 520 1815 521 1815 523 1815 559 1808 563 1808 564 1809 571 1815 571 1816 573 1816 574 1816 575 1817 627 1817 627 1816 628 1816 630 1816 630 1815 634 1812 642 1805 667 1813 675 1815 677 1815 678 1815 689 1813 742 1805 777 1813 778 1813 779 1813 810 1808 842 1819 843 1819 845 1819 877 1812 903 1822 907 1794 907 1755 889 1755 889 1754 878 1744 878 1743 877 1743 875 1743 874 1743 872 1743 847 1752 846 1754 845 1752 829 1745 828 1745 827 1745 825 1745 824 1745 814 1752 774 1736 773 1736 771 1736 711 1749 706 1751 705 1749 696 1743 695 1743 693 1743 692 1743 691 1743 675 1748 674 1749 671 1748 638 1733 637 1733 560 1731 559 1731 557 1731 556 1731 535 1745 532 1747 496 1747 494 1744 477 1734 476 1734 474 1734 473 1734 471 1734 444 1743 435 1745 423 1743 378 1733 377 1733 376 1733 374 1733 374 1734 366 1741 363 1744 341 1744 338 1741 321 1727 320 1727 319 1727 295 1726 294 1726 292 1726 291 1726 272 1738 266 1741 179 1737 169 1737 138 1723 137 1723 104 1723 102 1723 101 1723 99 1723 88 1730 88 1777"/></Shape>
	    <String CONTENT="En vous ſuyuant me fuſſent aduenuz"
                    HPOS="87"
                    VPOS="1723"
                    WIDTH="820"
                    HEIGHT="99"
                    WC="0.987214877324946"></String>
          </TextLine>

          
          
          <TextLine ID="eSc_line_8c686f54"
                    TAGREFS="LT1585"
                    BASELINE="88 1858 423 1870 946 1874" 
                    HPOS="87"
                    VPOS="1804"
                    WIDTH="859"
                    HEIGHT="104">
            <Shape><Polygon POINTS="88 1858 87 1877 262 1883 263 1884 285 1898 287 1898 288 1898 290 1899 326 1899 326 1898 327 1898 328 1898 341 1887 345 1883 356 1887 369 1892 370 1892 371 1892 373 1892 381 1888 391 1884 406 1890 439 1901 441 1901 442 1901 444 1901 466 1891 480 1885 495 1892 505 1896 506 1896 507 1896 538 1894 596 1888 603 1896 610 1902 610 1903 612 1903 613 1903 614 1903 616 1903 639 1898 664 1891 680 1899 692 1905 693 1905 695 1906 716 1906 716 1905 717 1905 718 1905 724 1901 738 1890 775 1899 777 1899 778 1899 825 1891 843 1905 845 1906 846 1906 847 1906 943 1908 946 1874 942 1819 903 1837 863 1837 831 1819 829 1819 828 1819 827 1819 825 1819 824 1819 785 1834 767 1820 759 1813 757 1813 756 1813 755 1813 753 1813 752 1813 752 1815 746 1820 732 1834 698 1834 670 1820 655 1813 653 1813 652 1813 650 1813 635 1820 612 1831 594 1820 577 1810 575 1810 574 1810 573 1810 571 1810 539 1820 528 1810 528 1809 527 1809 526 1809 498 1809 496 1809 495 1809 494 1809 494 1810 481 1822 473 1830 444 1830 430 1822 405 1808 403 1808 328 1806 327 1806 326 1806 324 1806 303 1823 299 1826 274 1826 266 1823 258 1819 256 1819 255 1819 253 1819 238 1823 231 1824 229 1823 212 1806 212 1805 210 1805 209 1805 208 1805 206 1805 155 1823 113 1804 112 1804 111 1804 109 1804 108 1804 88 1819 88 1858"/></Shape>
	    <String CONTENT="Les durs effectz, de l’enfant de Venus"
                    HPOS="87"
                    VPOS="1804"
                    WIDTH="859"
                    HEIGHT="104"
                    WC="0.987779910627164"></String>
          </TextLine>

          
          
          <TextLine ID="eSc_line_9aaed377"
                    TAGREFS="LT1585"
                    BASELINE="91 1938 691 1955" 
                    HPOS="90"
                    VPOS="1888"
                    WIDTH="601"
                    HEIGHT="89">
            <Shape><Polygon POINTS="91 1938 90 1952 140 1967 141 1967 198 1969 199 1969 201 1969 233 1959 237 1957 241 1959 263 1969 265 1969 266 1969 317 1962 334 1960 345 1963 374 1973 376 1973 377 1973 419 1966 439 1963 452 1967 458 1970 459 1970 460 1970 480 1969 519 1966 530 1971 539 1976 541 1976 542 1976 580 1973 637 1969 688 1977 691 1955 691 1903 607 1917 595 1908 594 1908 592 1908 591 1908 589 1908 573 1916 548 1906 546 1906 545 1906 544 1906 514 1914 342 1912 313 1909 305 1902 295 1892 294 1892 292 1892 291 1892 249 1901 240 1903 237 1901 227 1892 227 1891 226 1891 224 1891 190 1890 188 1890 187 1890 185 1890 167 1901 160 1905 149 1901 115 1888 113 1888 112 1888 111 1888 91 1898 91 1938"/></Shape>
	    <String CONTENT="Qui ſcet les cœurs attraire?"
                    HPOS="90"
                    VPOS="1888"
                    WIDTH="601"
                    HEIGHT="89"
                    WC="0.988484531641006"></String>
          </TextLine>

          
          
          <TextLine ID="eSc_line_6f4858a0"
                    TAGREFS="LT1585"
                    BASELINE="29 2095 513 2116 920 2121" 
                    HPOS="27"
                    VPOS="2046"
                    WIDTH="893"
                    HEIGHT="104">
            <Shape><Polygon POINTS="30 2084 29 2095 27 2116 83 2116 86 2117 108 2128 109 2128 111 2128 165 2121 173 2128 173 2129 174 2129 176 2129 177 2129 244 2121 265 2118 270 2121 285 2134 287 2134 288 2134 290 2134 291 2134 312 2125 355 2135 356 2135 358 2135 383 2125 435 2138 437 2138 473 2129 482 2138 482 2139 484 2139 485 2139 514 2141 516 2141 557 2134 563 2138 563 2139 564 2139 566 2139 567 2139 569 2139 570 2139 570 2138 580 2129 582 2128 691 2131 692 2134 700 2141 700 2142 702 2142 703 2142 705 2142 706 2142 707 2142 718 2134 720 2132 735 2134 802 2145 803 2145 804 2145 818 2138 827 2146 828 2146 829 2146 831 2146 881 2141 891 2149 891 2150 892 2150 893 2150 895 2150 896 2150 918 2139 920 2121 920 2086 900 2068 900 2067 899 2067 897 2067 818 2064 817 2064 816 2064 777 2084 753 2073 752 2073 750 2073 749 2073 711 2082 709 2082 649 2082 631 2080 606 2078 559 2056 557 2056 530 2056 528 2056 527 2056 491 2075 467 2060 466 2060 464 2060 463 2060 406 2071 344 2056 342 2056 341 2056 340 2056 312 2066 290 2050 288 2050 287 2050 285 2050 284 2050 283 2050 269 2059 244 2046 242 2046 223 2046 222 2046 220 2046 219 2046 219 2048 204 2061 156 2061 138 2052 137 2052 136 2052 134 2052 105 2063 37 2063 30 2084"/></Shape>
	    <String CONTENT="Las quand Venus menaſſer vous vouloit,"
                    HPOS="27"
                    VPOS="2046"
                    WIDTH="893"
                    HEIGHT="104"
                    WC="0.996724304399992"></String>
          </TextLine>

          
          
          <TextLine ID="eSc_line_1e66f00d"
                    TAGREFS="LT1585"
                    BASELINE="80 2182 488 2199 974 2202" 
                    HPOS="79"
                    VPOS="2129"
                    WIDTH="895"
                    HEIGHT="121">
            <Shape><Polygon POINTS="80 2182 79 2211 202 2214 204 2215 238 2235 240 2235 241 2235 242 2235 281 2217 283 2217 285 2217 306 2224 308 2224 309 2224 334 2218 338 2218 341 2218 388 2242 389 2242 391 2242 392 2242 455 2222 458 2221 459 2222 481 2242 481 2243 482 2243 484 2243 501 2245 502 2245 503 2245 548 2233 630 2247 631 2247 689 2242 698 2249 699 2249 700 2249 702 2249 703 2249 721 2243 806 2250 807 2250 809 2250 839 2238 900 2249 902 2249 903 2249 938 2235 942 2233 971 2235 974 2202 970 2150 952 2165 914 2149 906 2146 904 2146 875 2146 874 2146 872 2146 871 2146 868 2149 847 2164 839 2157 838 2157 836 2157 835 2157 735 2161 705 2145 700 2142 699 2142 666 2142 664 2142 663 2142 660 2143 632 2159 606 2142 605 2141 603 2141 602 2141 600 2141 584 2141 566 2143 564 2143 563 2143 546 2157 427 2157 388 2136 387 2136 349 2135 348 2135 346 2135 345 2135 303 2153 280 2135 278 2135 277 2135 244 2134 242 2134 241 2134 192 2150 160 2149 127 2131 126 2131 80 2129 80 2182"/></Shape>
	    <String CONTENT="Vous reſpondiez, que ſon filz ne volloit"
                    HPOS="79"
                    VPOS="2129"
                    WIDTH="895"
                    HEIGHT="121"
                    WC="0.9862907320261"></String>
          </TextLine>

          
        </TextBlock>
        
        <TextBlock HPOS="1085.0"
                   VPOS="2230.0"
                   WIDTH="141.0"
                   HEIGHT="79.0"
                   ID="block_3"
                   TAGREFS="BT4975">
          <Shape><Polygon POINTS="1085 2230 1226 2230 1226 2309 1085 2309 1085 2230"/></Shape>
          
          
          <TextLine ID="eSc_line_73121572"
                    TAGREFS="LT1585"
                    BASELINE="1092 2289 1210 2283" 
                    HPOS="1090"
                    VPOS="2239"
                    WIDTH="120"
                    HEIGHT="65">
            <Shape><Polygon POINTS="1160 2240 1147 2249 1121 2239 1120 2239 1118 2239 1117 2239 1115 2239 1099 2249 1090 2279 1092 2289 1092 2303 1208 2304 1210 2283 1207 2249 1172 2242 1160 2240"/></Shape>
	    <String CONTENT="Pres"
                    HPOS="1090"
                    VPOS="2239"
                    WIDTH="120"
                    HEIGHT="65"
                    WC="0.99357433617115"></String>
          </TextLine>

          
        </TextBlock>
        

        
      </PrintSpace>
    </Page>
  </Layout>
</alto>
