1480 2471
256 39 70 98 44

556 35 404 67 REPOS

410 113 586 92 Pres de voſtre aſſemblee.

409 205 870 85 Ie le congnois autrement, puis qu'eſtant

406 289 936 87 Auecques vous, ma poure ame en eſt tant

407 366 591 81 Tourmentee & troublee.

329 551 825 91 Ie iureray par les Dieux immortelz

403 638 976 92 Aux temples ſaints, ſus leurs ſacrez autelz

402 716 609 89 Deſquelz le nom ie porte,

409 801 810 89 Que ie n'auois (ô faux petit garſon)

406 886 728 81 En mon viuant ta cruelle façon

407 962 534 90 Congnue en nulle ſorte.

330 1146 1022 93 Quand, pour Phebus & les neuf Sœurs hanter,

400 1234 788 82 En Helycon ie me prins à chanter

402 1313 598 93 Choſe à toy bien eſtrange:

405 1390 928 89 Choſe ſi digne, & tant ſaintement haulte,

407 1477 927 89 Que nul eſprit n'y pourroit trouuer faulte,

407 1553 673 97 Quand il deuroit eſtre Ange.

329 1743 783 100 Ie penſe moy que tu te vins renger

395 1829 836 83 A mon eſprit, expres pour te venger

398 1902 493 81 De ma Muſe ſeuere:

403 1982 968 86 Qui en ces chants t’alloit touſiours blaſmant,

400 2061 834 92 Et l’homme fol qui follement aymant

400 2148 504 101 En tes faits perſeuere.

1383 2211 53 87 C'eſt
