1535 2496
79 61 1022 83 DE PLVS GRAND TRAVAIL.

1247 80 67 78 45

33 151 844 108 C’eſt grand' folie à moy d’ainſi penſer:

80 249 951 78 Tu n'as peu faire en mon cœur commencer

81 323 569 87 Amour tellement ſainte,

84 403 997 94 Que tant plus eſt mon cœur d'Amour battu,

83 495 802 74 Plus ie congnois mon ame de vertu,

87 572 482 86 Et de chaſteté ceinte.

33 719 717 106 Außi m'eſt il auis, que de la belle

88 818 812 84 Ie n'ayme rien que ce qui eſt en elle,

87 888 493 96 C’eſt ſa vertu louable.

87 970 827 94 Hé que dis tu ma Muſe? parle bien:

87 1056 780 88 Car elle n’ha dehors, ny dedens rien

88 1138 571 97 Qui ne ſoit bien aymable.

31 1302 732 95 Le tien grand ſens ô deeſſe Pallas

90 1388 799 88 Entierement (ſi tant exquis tu l’as)

90 1472 472 83 Eſt en ſon ame nette:

91 1548 919 92 Venus außi, en ſon corps chaſte & ſaint,

88 1633 798 86 Luy ha donné la grace, auec le teint

91 1715 536 86 De ſa couleur brunette.

36 1878 866 86 Ie voy ſon corps de mes corporelz yeux

91 1964 949 79 Tant à mon gré, que voir ie ne puis mieux:

88 2045 604 77 Mais mon ame amoureuſe

90 2118 827 81 L'eternel beau de la bonne ame void,

88 2203 736 100 Et, ſi conioindre à elle ſe pouuoit,

1043 2282 181 91 S'eſtim
