1535 2500
172 54 1030 101 DE PLVS GAAND TRAVAIL.

1308 104 64 84 49

93 154 859 91 Las qu'áy ie dit? & ie n'euſſe pas veu

156 237 901 96 Ce bien parfait qu'onques ie n'euſſe creu

151 320 610 75 Pouuoir eſtre en ce monde.

151 394 771 94 Ie n'euſſe veu celle grande beauté,

151 480 694 86 Ny apperceu l'excellente bonté

150 562 586 94 Sus quoy plus ie me fonde.

80 715 811 105 Il eſt bien vray außi, que tant de fois

137 804 840 94 N'euſſe receu la mort: mais toutesfois

137 884 560 93 La mort m'eſt agreable:

138 961 894 108 Laquelle apres les durs tourmens ſuſdits

137 1050 768 93 Loge mon Ame en ce bas Paradis

134 1123 495 90 Au celeste ſemblable.

75 1287 909 104 En mon amour n'eſt l’Enfer des maudits,

130 1372 888 101 Ains vn tresbeau & plaiſant Paradis

130 1452 602 98 Plein de ioye & de gloire.

125 1531 880 103 Là i'ay plaiſir qui tous plaiſirs excede,

127 1615 870 111 Mais en l'eſmoy, qui le plaiſir precede,

127 1702 562 96 Ie trouue vn Purgatoire.

62 1855 828 109 Vn purgatoire ou mon ame eſt purgee

122 1938 797 109 De ſes erreurs, ains qu'elle ſoit logee

123 2015 464 91 En ſi hault domicile.

120 2101 677 110 Puis ayant là receu purgation,

118 2181 716 112 Va demeurer par contemplation

961 2286 47 87 d

1166 2294 88 85 En
