1524 2492
1361 35 50 104 5

130 134 1212 84 tes compoſitions de ma premiere ieuneſſe, comme

131 217 1208 85 de quinze à vingt ans, pour les vous preſenter. En

131 294 1211 88 quoy ie congnoy außi bien ma puerilité, que l’auda¬

131 377 1207 84 cieux raillard & meſdiſant qui en iaſera: mais ie

134 461 1202 89 veux bien que lon congnoiſſe par cecy, & par ce

128 544 1208 74 qu’on pourra de moy voir d'or en auant, comment

128 618 1181 89 le iugement & le ſauoir croiſt auecques l’aage: &

127 701 1211 85 pource außi que à vous ſont deuz mes labeurs du

127 782 1211 91 temps paßé & à venir, leſquelz vous ſeront tous

124 866 1210 86 adreſſez l’vn apres l’autre. Au demeurant ie n'ay

124 942 1210 89 ſeulement imité la façon d’eſcrire des Grecs, La¬

123 1030 1208 81 tins & Italiens: ains ie n’ay point reietté les bon¬

126 1113 1205 80 nes inuentions de noz anciens François: & ceux

124 1187 1206 92 qui le font, me ſemblent mal illustrer nostre lan¬

128 1273 392 97 gue. Ce pendant,

191 1405 845 86 Ce mien eſprit qui en trauail repoſe

187 1492 947 77 Sainte pour vous, & en repos trauaille,

187 1564 997 96 En trauaillant appreste plus grand' choſe,

185 1650 927 90 En repoſant, au moins, cecy vous baille.

297 1783 715 102 TRAVAIL EN REPOS.

1002 1875 131 97 d 3
