1494 2471
118 70 56 85 50

502 43 400 82 REPOS

300 142 534 88 En Paradis tranquille.

229 308 752 88 Liſere, helàs, qui mes eſprits tuez

299 392 861 82 As à leurs mors ouy plaindre, ou tu es

302 476 554 74 De courir couſtumiere:

303 547 777 89 Ne le dy pas à ton mary le Roſne:

304 630 868 87 Car i'aurois peur qu’il le diſt à la Sone

306 719 515 88 Son eſpouſe premiere.

229 875 1042 90 Et par ſes eaux, qui vont doux & ſans noiſes,

303 954 888 92 Elle feroit aux Nymphes Chalonnoiſes

304 1037 524 87 Sauoir ceſte beſongne;

311 1117 762 78 Voire rendroit mes amis esbahis,

308 1195 817 92 En noſtre illuſtre & treſnoble païs

307 1280 606 90 La duché de Bourgongne.

233 1431 794 99 Mais quel beſoing eſt il de le celer?

304 1523 720 84 Tu as congé Liſere d'en parler,

308 1604 546 80 Cela point ne m'eſtonne

311 1678 967 91 I'ayme ardem^ment (le ſache qui voudra)

315 1764 838 86 Qui eſt celuy, qui l’amour reprendra

314 1843 688 89 Tant chaſte, ſainte, & bonne?

243 1997 867 95 Dy hardiment, que la haulte puiſſance

311 2085 926 90 Des corps du ciel me feit à ma naiſſance

319 2168 554 105 Obliger par contrainte,

1277 2233 124 88 D'aym
