1523 2500
211 52 1036 82 DE PLVS GRAND TRAVAIL.

1382 88 54 70 51

207 147 833 82 D'aymer, ſeruir, voire d’adorer celle

202 234 927 85 Dame d'honneur, que iuſtement i'appelle

202 309 576 84 Du monde la plus ſainte.

140 477 889 88 Que voulez vous donques plus perſiſter

193 555 801 88 A dire, amis, qu’il me fault reſiſter

194 633 581 82 Au ciel lequel m'incline?

195 720 862 82 Eſtimez vous noſtre pouuoir humain

195 798 904 96 Eſtre aſſez fort, pour repouſſer la main

195 881 572 88 Toutpuiſſante & diuine?

127 1043 848 87 Voyez comment les enfans de la terre

187 1127 1006 95 Les vieux Geans, pour au Ciel faire guerre,

187 1208 546 82 A la fin ſe treuuerent:

190 1287 1068 103 Quand les haults monts auecques grande peine

188 1370 826 93 (Qui toutesfois fut inutile & vaine)

186 1450 683 90 L'un ſus l’autre aſſemblerent.

125 1605 972 104 C’eſt vn arreſt donques des haults cieux, tel

184 1700 856 88 Que mon eſprit demeurant immortel,

182 1780 646 81 Comme au vray il demeure:

179 1856 835 98 L’amour qui eſt nee en luy tellement,

176 1945 760 81 Aura en luy vie immortellement

179 2022 589 91 Sans qu'onques elle meure.

108 2179 817 112 Vous qui prenez en mon Ode plaiſir,

854 2279 135 86 d 2

1158 2289 162 88 Auez
