1476 2471
90 60 65 80 52

527 37 402 74 REPOS

232 133 943 90 Auez vous point quelque enuie & deſir

234 212 540 91 De ſauoir qui eſt celle,

237 295 953 86 Pour qui cent fois le iour ie vay mourant?

240 376 939 90 Et pourquoy donq ma Muſe, en l’adorant

243 457 571 89 Son tresluiſant nom cele?

164 619 971 87 Ie la voudrois bien nommer en mes chants,

245 698 964 98 Mais ie crains trop l’audace des meſchans,

247 786 563 84 Qui mon amour celeſte,

249 866 794 89 Que bon eſprit ne peult vituperer,

245 947 731 86 A leur folie oſeroient comparer

249 1028 444 92 Et abus manifeſte.

175 1194 911 78 Contentez vous donques mes bons amis,

252 1272 864 88 Pour ceſte fois, des ſignes que i'ay mis

251 1357 550 85 De ce gent perſonnage.

254 1434 865 84 Contentez vous de mes ſecretz ouuers

254 1516 847 88 Iuſques icy, car par moy ny mes vers

258 1596 589 89 N'en ſaurez d’auantage.

185 1757 821 86 Car la vertu, qu'en elle ie voy eſtre,

260 1834 934 96 Aux vertueux d'elle meſme congnoiſtre

266 1921 461 94 Se fera d’auantage.

1268 1987 94 73 Pour
