1529 2500
227 79 1037 91 DE PLVS GRAND TRAVAIL.

1401 108 59 82 53

258 187 961 101 Pour vn May planté deuant le logis de

333 269 884 89 Monſieur M. Iean de Maſſo Pro¬

328 344 885 90 thonotaire du ſaint Siege apoſtoli¬

336 420 877 91 que, Recteur de l'Vniuerſité de

329 493 503 88 Valence. 1549.

658 611 184 80 Sonet.

145 711 797 83 Mata, qui fut la mere de Mercure,

197 786 849 97 Donna le nom plaiſant & gracieux,

197 863 807 102 Au gentil moys de May, ſolacieux,

198 948 843 96 Semé de fleurs & veſtu de verdure.

141 1031 883 89 Mercure incline aux lettres la Nature

191 1108 940 107 Par le pouuoir qu’il en ha es haults cieux,

193 1193 864 95 Ou Ambaſſade il eſt des autres dieux

190 1273 653 85 Et ordonné ſus la literature.

140 1350 969 111 En ce moys donq, qui ſemble eſtre ſon frere,

187 1436 783 102 Les eſcoliers, deſquelz il eſt le pere

183 1522 973 103 Demeinent ioyes ô Recteur docte & ſage:

132 1600 764 98 Et à raiſon du moys t'ont preſenté,

184 1687 825 92 De meſme nom, vn arbre icy planté

189 1766 998 113 Qui de leurs cœurs porte vray teſmoignage.

396 1919 642 94 Du pourtraict de Iuſtice.

126 2027 924 107 Iuſtice ayant les yeux bandez, nous donne

125 2112 779 103 Bien à entendre à vn ſigne certain,

130 2194 756 121 Qu'acception elle n'ha de perſonne

915 2293 130 96 d 3

1210 2311 127 72 Tant
