<?xml version="1.0" encoding="UTF-8"?>
<alto xmlns:xsi="http://www.w3.org/2001/XMLSchema-instance"
      xmlns="http://www.loc.gov/standards/alto/ns-v4#"
      xsi:schemaLocation="http://www.loc.gov/standards/alto/ns-v4# http://www.loc.gov/standards/alto/v4/alto-4-2.xsd">
  <Description>
    <MeasurementUnit>pixel</MeasurementUnit>
    <sourceImageInformation>
      <fileName>54.jpg</fileName>
      
    </sourceImageInformation>
  </Description>
  
  <Tags>
    <OtherTag ID="BT4980" LABEL="TitlePageZone" DESCRIPTION="block type TitlePageZone"/><OtherTag ID="BT4979" LABEL="TableZone" DESCRIPTION="block type TableZone"/><OtherTag ID="BT4978" LABEL="StampZone" DESCRIPTION="block type StampZone"/><OtherTag ID="BT4977" LABEL="SealZone" DESCRIPTION="block type SealZone"/><OtherTag ID="BT4976" LABEL="RunningTitleZone" DESCRIPTION="block type RunningTitleZone"/><OtherTag ID="BT4975" LABEL="QuireMarksZone" DESCRIPTION="block type QuireMarksZone"/><OtherTag ID="BT4974" LABEL="NumberingZone" DESCRIPTION="block type NumberingZone"/><OtherTag ID="BT4973" LABEL="MusicZone" DESCRIPTION="block type MusicZone"/><OtherTag ID="BT4972" LABEL="MarginTextZone" DESCRIPTION="block type MarginTextZone"/><OtherTag ID="BT4971" LABEL="MainZone" DESCRIPTION="block type MainZone"/><OtherTag ID="BT4970" LABEL="DropCapitalZone" DESCRIPTION="block type DropCapitalZone"/><OtherTag ID="BT4969" LABEL="DigitizationArtefactZone" DESCRIPTION="block type DigitizationArtefactZone"/><OtherTag ID="BT4968" LABEL="GraphicZone" DESCRIPTION="block type GraphicZone"/><OtherTag ID="BT4967" LABEL="DamageZone" DESCRIPTION="block type DamageZone"/><OtherTag ID="BT4966" LABEL="CustomZone" DESCRIPTION="block type CustomZone"/>
    <OtherTag ID="LT1589" LABEL="MusicLine" DESCRIPTION="line type MusicLine"/><OtherTag ID="LT1588" LABEL="InterlinearLine" DESCRIPTION="line type InterlinearLine"/><OtherTag ID="LT1587" LABEL="HeadingLine" DESCRIPTION="line type HeadingLine"/><OtherTag ID="LT1586" LABEL="DropCapitalLine" DESCRIPTION="line type DropCapitalLine"/><OtherTag ID="LT1585" LABEL="DefaultLine" DESCRIPTION="line type DefaultLine"/><OtherTag ID="LT1584" LABEL="CustomLine" DESCRIPTION="line type CustomLine"/>
  </Tags>
  
  <Layout>
    <Page WIDTH="1495"
          HEIGHT="2471"
          PHYSICAL_IMG_NR="53"
          ID="eSc_dummypage_">
      <PrintSpace HPOS="0"
                  VPOS="0"
                  WIDTH="1495"
                  HEIGHT="2471">
        
        <TextBlock HPOS="104"
                   VPOS="97"
                   WIDTH="76"
                   HEIGHT="72"
                   ID="block_2"
                   TAGREFS="BT4974">
          <Shape><Polygon POINTS="180 97 180 169 104 169 104 97"/></Shape>
          
          
          <TextLine ID="eSc_line_b5eeec38"
                    TAGREFS="LT1585"
                    BASELINE="108 149 179 145" 
                    HPOS="105"
                    VPOS="100"
                    WIDTH="74"
                    HEIGHT="74">
            <Shape><Polygon POINTS="131 101 118 104 107 105 105 107 108 149 109 174 179 157 179 145 175 107 137 100 131 101"/></Shape>
	    <String CONTENT="54"
                    HPOS="105"
                    VPOS="100"
                    WIDTH="74"
                    HEIGHT="74"></String>
          </TextLine>

          
        </TextBlock>
        
        <TextBlock HPOS="419"
                   VPOS="74"
                   WIDTH="437"
                   HEIGHT="80"
                   ID="block_1"
                   TAGREFS="BT4976">
          <Shape><Polygon POINTS="856 74 856 154 419 154 419 74"/></Shape>
          
          
          <TextLine ID="eSc_line_cbc17414"
                    TAGREFS="LT1587"
                    BASELINE="455 141 502 141 538 140 599 137 606 137 668 137 709 137 836 136" 
                    HPOS="453"
                    VPOS="80"
                    WIDTH="380"
                    HEIGHT="76">
            <Shape><Polygon POINTS="831 146 833 135 829 82 663 92 570 80 564 80 562 80 558 80 490 92 453 80 453 140 453 156"/></Shape>
	    <String CONTENT="REPOS"
                    HPOS="453"
                    VPOS="80"
                    WIDTH="380"
                    HEIGHT="76"
                    WC="0.99495861530304"></String>
          </TextLine>

          
        </TextBlock>
        
        <TextBlock HPOS="184"
                   VPOS="153"
                   WIDTH="1071"
                   HEIGHT="2139"
                   ID="block_0"
                   TAGREFS="BT4971">
          <Shape><Polygon POINTS="1255 153 1255 2292 184 2292 184 153"/></Shape>
          
          
          <TextLine ID="eSc_line_67ecbca4"
                    TAGREFS="LT1585"
                    BASELINE="194 237 1166 229" 
                    HPOS="193"
                    VPOS="171"
                    WIDTH="973"
                    HEIGHT="88">
            <Shape><Polygon POINTS="1154 185 1151 183 1099 188 1091 182 1074 171 1073 171 1072 171 1046 171 1044 171 1043 171 1041 171 1025 182 1017 188 1006 182 981 172 980 172 949 172 948 172 947 172 945 172 930 182 918 189 845 189 830 182 815 177 814 177 812 177 811 177 809 177 801 182 786 192 752 192 738 182 726 174 724 174 723 174 697 174 696 174 694 174 693 174 682 182 668 193 586 193 575 185 573 185 572 185 571 185 569 185 549 192 531 182 518 175 517 175 516 175 454 177 453 177 440 182 415 193 376 182 356 177 355 177 354 177 352 177 343 182 318 194 284 182 281 181 280 181 278 181 277 181 274 182 260 189 248 182 245 179 244 179 242 179 241 179 240 179 238 179 236 182 227 188 193 182 194 237 194 247 236 255 237 255 373 248 384 248 387 248 421 258 422 258 424 259 464 259 464 258 465 258 466 258 480 248 484 247 523 248 646 256 647 256 649 256 667 249 680 244 697 249 713 255 715 255 716 255 717 255 719 255 726 249 734 244 760 249 767 251 768 251 782 249 844 242 862 251 864 251 866 251 867 251 868 251 870 251 878 244 906 251 917 252 918 252 919 252 925 251 941 245 969 251 987 253 988 253 1036 251 1124 245 1165 251 1166 229 1162 188 1154 185"/></Shape>
	    <String CONTENT="Tant d’un ſubiet, que d’un Prince haultain:"
                    HPOS="193"
                    VPOS="171"
                    WIDTH="973"
                    HEIGHT="88"
                    WC="0.987419567828955"></String>
          </TextLine>

          
          
          <TextLine ID="eSc_line_99292adb"
                    TAGREFS="LT1585"
                    BASELINE="196 319 1062 310" 
                    HPOS="194"
                    VPOS="256"
                    WIDTH="868"
                    HEIGHT="88">
            <Shape><Polygon POINTS="196 319 196 332 241 333 260 344 262 344 263 344 410 332 443 330 490 330 495 332 517 341 518 341 520 341 521 341 523 341 523 340 532 332 534 330 538 332 558 341 560 341 561 341 601 332 617 329 635 332 660 337 661 337 687 332 713 328 726 332 739 339 741 339 742 339 807 336 808 336 809 336 809 334 812 332 819 326 831 332 834 333 836 333 837 333 838 333 841 332 853 326 862 332 868 337 870 337 871 337 873 337 874 337 893 332 908 329 925 332 936 334 937 334 939 334 940 334 940 333 941 332 949 325 965 332 966 332 967 333 1062 333 1062 310 1058 271 910 271 848 260 847 260 845 260 818 269 764 256 763 256 761 256 760 256 760 258 746 269 728 256 727 256 726 256 701 256 700 256 698 256 697 256 697 258 680 274 560 267 558 267 557 267 539 275 498 259 496 259 472 259 470 259 469 259 468 259 468 260 457 270 444 260 444 259 443 259 442 259 440 259 395 260 393 260 361 278 333 278 315 262 314 262 313 262 225 262 223 262 222 262 221 262 194 277 196 319"/></Shape>
	    <String CONTENT="L&#x27;eſpee elle ha nue en la dextre main,"
                    HPOS="194"
                    VPOS="256"
                    WIDTH="868"
                    HEIGHT="88"
                    WC="0.979074950280942"></String>
          </TextLine>

          
          
          <TextLine ID="eSc_line_ca7b4e14"
                    TAGREFS="LT1585"
                    BASELINE="200 400 1172 388" 
                    HPOS="199"
                    VPOS="334"
                    WIDTH="973"
                    HEIGHT="93">
            <Shape><Polygon POINTS="200 415 341 410 348 414 359 424 361 424 362 424 363 425 402 425 402 424 403 424 404 424 421 414 428 410 448 413 494 421 495 421 554 413 571 410 583 411 630 421 631 421 632 421 634 421 647 411 674 427 755 406 766 410 796 418 797 418 798 420 833 420 833 418 834 418 836 418 848 409 852 407 871 409 925 413 926 413 928 413 940 407 955 402 962 407 963 409 965 409 966 409 967 409 977 407 1002 403 1010 407 1025 414 1026 414 1028 414 1029 414 1055 406 1068 403 1074 406 1092 414 1094 414 1095 414 1171 404 1172 388 1169 334 1111 334 1110 334 1109 334 1107 334 1090 351 1057 351 1018 337 1017 337 1015 337 1013 337 951 352 925 339 921 337 919 337 847 337 845 337 781 339 779 339 770 343 735 355 617 348 616 348 577 356 523 351 521 351 474 358 462 350 461 350 459 350 458 350 404 358 391 351 391 350 389 350 388 350 387 350 385 350 383 351 358 359 325 352 318 351 317 351 315 351 314 351 313 352 300 362 267 362 256 354 245 345 244 345 242 345 241 345 199 354 200 400"/></Shape>
	    <String CONTENT="Pour reprimer trop grand faulte commiſe:"
                    HPOS="199"
                    VPOS="334"
                    WIDTH="973"
                    HEIGHT="93"
                    WC="0.958445712924004"></String>
          </TextLine>

          
          
          <TextLine ID="eSc_line_309e6bc4"
                    TAGREFS="LT1585"
                    BASELINE="200 481 1091 470" 
                    HPOS="199"
                    VPOS="414"
                    WIDTH="892"
                    HEIGHT="95">
            <Shape><Polygon POINTS="200 481 200 494 242 494 244 494 260 507 262 507 263 507 264 509 297 509 297 507 299 507 300 507 300 506 314 494 315 492 333 492 344 494 410 506 411 506 483 494 498 491 616 491 621 492 647 502 649 502 650 502 652 502 683 492 697 487 825 487 851 491 892 499 893 499 895 499 896 499 910 491 919 485 948 491 959 492 960 492 962 492 967 491 980 487 988 491 1002 498 1003 498 1004 498 1090 490 1091 470 1088 414 1018 414 1017 414 1015 414 1014 414 1014 415 1013 415 1002 428 977 431 947 418 940 415 939 415 937 415 936 415 934 415 934 417 932 418 917 433 733 435 708 426 685 418 683 418 682 418 680 418 679 418 679 420 669 428 661 436 616 437 576 437 566 431 551 420 550 420 549 420 547 420 443 421 442 421 440 421 420 436 415 439 396 436 350 431 348 431 311 439 306 442 274 442 274 440 249 424 248 424 247 424 225 424 223 424 222 424 221 424 199 439 200 481"/></Shape>
	    <String CONTENT="Et pour peſer les raiſons mieux de miſe"
                    HPOS="199"
                    VPOS="414"
                    WIDTH="892"
                    HEIGHT="95"
                    WC="0.973243618622804"></String>
          </TextLine>

          
          
          <TextLine ID="eSc_line_92672d55"
                    TAGREFS="LT1585"
                    BASELINE="203 560 951 551" 
                    HPOS="201"
                    VPOS="501"
                    WIDTH="750"
                    HEIGHT="81">
            <Shape><Polygon POINTS="203 560 203 577 291 572 304 576 321 582 322 582 323 582 388 575 402 573 410 573 450 580 451 580 453 580 466 573 473 569 517 572 588 576 590 576 591 576 610 569 619 568 628 569 656 575 657 575 749 568 798 576 800 576 801 576 830 566 873 566 881 573 881 575 882 575 884 575 885 575 951 562 951 551 948 516 918 509 917 509 760 516 701 501 700 501 698 501 697 501 696 501 675 513 639 502 638 502 636 502 635 502 634 502 613 518 575 518 551 505 550 505 549 505 547 505 546 505 514 514 451 503 450 503 448 503 447 503 426 517 391 505 389 505 356 505 355 505 354 505 352 505 336 517 321 506 319 506 318 506 317 506 264 517 251 507 249 507 248 507 247 507 245 507 201 523 203 560"/></Shape>
	    <String CONTENT="En la ſeneſtre vne balance tient:"
                    HPOS="201"
                    VPOS="501"
                    WIDTH="750"
                    HEIGHT="81"
                    WC="0.975799574996486"></String>
          </TextLine>

          
          
          <TextLine ID="eSc_line_bbe9657b"
                    TAGREFS="LT1585"
                    BASELINE="204 643 996 635" 
                    HPOS="203"
                    VPOS="579"
                    WIDTH="793"
                    HEIGHT="86">
            <Shape><Polygon POINTS="204 643 204 653 234 665 236 665 237 665 238 665 274 653 289 658 291 658 292 658 343 652 347 652 348 652 359 663 359 664 361 664 362 664 363 665 389 665 389 664 391 664 440 652 440 650 506 650 507 650 532 661 534 661 535 661 536 661 538 661 547 653 608 657 609 657 610 657 626 650 645 657 646 657 647 657 649 657 650 657 664 649 680 658 682 658 683 658 685 658 713 649 726 660 727 660 728 660 730 661 781 661 781 660 838 647 840 647 896 658 897 660 981 660 981 658 982 658 984 658 996 647 996 635 995 588 980 579 978 579 977 579 926 579 925 579 923 579 901 591 895 594 889 591 864 579 863 579 862 579 860 579 859 579 842 591 833 598 820 598 814 591 803 582 803 580 801 580 800 580 761 580 760 580 759 580 735 593 723 599 487 599 480 594 479 593 477 593 476 593 474 593 473 593 472 593 472 594 470 594 464 602 440 602 432 594 420 584 418 584 417 584 389 584 388 584 387 584 366 595 354 602 329 602 321 595 311 587 311 586 310 586 308 586 307 586 306 586 270 595 264 597 260 595 242 588 241 588 240 588 203 595 204 643"/></Shape>
	    <String CONTENT="Et ha eſcrite au cœur ceſte deuiſe,"
                    HPOS="203"
                    VPOS="579"
                    WIDTH="793"
                    HEIGHT="86"
                    WC="0.970509873117719"></String>
          </TextLine>

          
          
          <TextLine ID="eSc_line_55fe9ea2"
                    TAGREFS="LT1585"
                    BASELINE="203 723 1080 715" 
                    HPOS="201"
                    VPOS="667"
                    WIDTH="879"
                    HEIGHT="83">
            <Shape><Polygon POINTS="1059 667 1058 667 1057 667 1055 667 1054 667 1028 679 965 672 963 672 901 680 900 680 882 671 881 671 879 671 878 671 877 671 866 679 851 671 849 671 848 671 847 671 807 680 748 667 683 667 682 667 680 667 626 683 624 683 597 675 595 675 594 675 593 675 591 675 591 676 584 682 525 676 524 676 476 683 466 675 465 675 464 675 462 675 461 675 437 685 428 667 404 686 341 686 310 671 308 671 274 671 273 671 271 671 270 671 255 680 237 671 236 671 234 671 233 671 201 685 203 723 203 739 251 742 252 742 253 742 259 739 270 734 286 739 295 742 296 742 297 742 299 742 304 739 314 734 322 739 329 745 330 745 332 745 333 745 334 745 336 745 344 739 351 735 356 739 365 745 366 745 367 745 369 745 370 745 388 739 396 737 407 739 424 742 425 742 465 738 512 734 521 738 531 742 532 742 534 742 535 742 549 738 561 734 571 738 598 749 599 749 601 750 641 750 641 749 642 749 676 737 700 730 804 731 808 737 819 745 819 746 820 746 822 746 823 748 918 748 918 746 919 746 921 746 921 745 932 735 941 727 1077 734 1080 715 1079 682 1066 672"/></Shape>
	    <String CONTENT="Ie donne à tous ce qui leur appartient."
                    HPOS="201"
                    VPOS="667"
                    WIDTH="879"
                    HEIGHT="83"
                    WC="0.988006190955639"></String>
          </TextLine>

          
          
          <TextLine ID="eSc_line_1cbb1857"
                    TAGREFS="LT1587"
                    BASELINE="370 855 1180 848" 
                    HPOS="369"
                    VPOS="792"
                    WIDTH="811"
                    HEIGHT="83">
            <Shape><Polygon POINTS="370 868 529 875 531 875 569 868 580 867 595 868 646 874 647 874 700 868 724 866 1177 866 1180 848 1177 804 1127 804 1127 803 1105 792 1103 792 1030 792 1029 792 1028 792 1026 792 1017 800 948 793 947 793 945 793 944 793 933 801 903 793 901 793 900 793 814 801 809 801 808 801 781 794 779 794 778 794 727 801 682 808 598 808 588 800 583 796 582 796 580 796 579 796 577 796 560 800 528 808 369 800 370 855"/></Shape>
	    <String CONTENT="Du meſme pourtraict, à M. Iean"
                    HPOS="369"
                    VPOS="792"
                    WIDTH="811"
                    HEIGHT="83"></String>
          </TextLine>

          
          
          <TextLine ID="eSc_line_eb0d4af4"
                    TAGREFS="LT1587"
                    BASELINE="557 926 980 923" 
                    HPOS="555"
                    VPOS="871"
                    WIDTH="425"
                    HEIGHT="78">
            <Shape><Polygon POINTS="557 944 594 938 624 943 664 949 665 949 667 949 668 949 668 948 675 943 676 941 683 943 708 945 709 945 746 941 785 936 792 940 797 944 798 944 800 944 801 944 823 940 841 936 864 938 940 948 941 948 943 948 980 936 980 923 977 888 915 878 914 878 912 878 911 878 904 885 901 886 892 885 867 879 866 879 829 882 794 885 786 881 768 871 767 871 766 871 764 871 737 879 708 888 555 874 557 926"/></Shape>
	    <String CONTENT="Iaquar ſon amy."
                    HPOS="555"
                    VPOS="871"
                    WIDTH="425"
                    HEIGHT="78"
                    WC="0.997741258144379"></String>
          </TextLine>

          
          
          <TextLine ID="eSc_line_c14d4bd1"
                    TAGREFS="LT1585"
                    BASELINE="214 1048 1138 1037" 
                    HPOS="212"
                    VPOS="982"
                    WIDTH="926"
                    HEIGHT="88">
            <Shape><Polygon POINTS="214 1048 214 1063 225 1069 226 1069 227 1069 266 1062 278 1059 289 1062 326 1070 328 1070 329 1070 330 1070 344 1061 350 1058 358 1061 367 1063 369 1063 370 1063 387 1061 406 1057 437 1057 444 1059 453 1066 454 1066 455 1066 457 1066 458 1066 470 1059 476 1057 587 1055 597 1058 619 1066 620 1066 621 1066 623 1066 654 1058 674 1052 682 1058 683 1059 685 1059 686 1059 687 1059 700 1058 723 1052 730 1057 738 1065 739 1065 741 1065 742 1066 787 1066 787 1065 789 1065 790 1065 800 1057 845 1063 847 1063 848 1063 849 1063 859 1055 863 1052 875 1055 886 1058 888 1058 889 1058 890 1058 896 1055 907 1050 923 1055 944 1062 945 1062 947 1062 1014 1054 1065 1048 1083 1054 1107 1061 1109 1061 1110 1061 1111 1061 1138 1052 1138 1037 1133 999 992 999 989 999 978 989 977 989 976 989 974 989 973 989 971 989 971 991 962 999 960 1000 919 1000 917 999 878 982 877 982 794 982 793 982 792 982 752 999 742 1003 687 1003 682 999 665 985 664 985 663 985 638 985 636 985 635 985 634 985 620 999 613 1004 590 1004 583 999 569 985 568 985 566 985 565 985 528 992 507 987 506 987 505 987 503 987 502 987 490 996 477 987 476 987 474 987 446 987 444 987 443 987 442 987 442 988 431 999 380 1006 212 999 214 1048"/></Shape>
	    <String CONTENT="Les yeux bandez de noz Iuſtices peintes,"
                    HPOS="212"
                    VPOS="982"
                    WIDTH="926"
                    HEIGHT="88"
                    WC="0.996729208528995"></String>
          </TextLine>

          
          
          <TextLine ID="eSc_line_f15e9ba7"
                    TAGREFS="LT1585"
                    BASELINE="214 1132 354 1125 1176 1113" 
                    HPOS="212"
                    VPOS="1069"
                    WIDTH="964"
                    HEIGHT="86">
            <Shape><Polygon POINTS="214 1132 214 1146 258 1155 259 1155 260 1155 295 1144 308 1140 318 1144 343 1154 344 1154 345 1154 347 1154 348 1154 348 1153 359 1143 363 1139 469 1139 472 1140 484 1151 485 1151 487 1151 488 1153 539 1153 539 1151 540 1151 542 1151 558 1139 584 1150 586 1150 587 1151 642 1151 642 1150 643 1150 645 1150 660 1136 663 1135 672 1136 712 1143 713 1143 715 1143 716 1143 728 1135 731 1133 739 1135 790 1147 792 1149 812 1149 812 1147 814 1147 815 1147 815 1146 827 1136 896 1146 897 1146 899 1146 900 1146 922 1131 923 1131 926 1131 956 1139 958 1139 959 1139 1054 1129 1139 1136 1140 1136 1142 1136 1176 1125 1176 1113 1172 1080 941 1083 934 1083 912 1083 893 1069 892 1069 890 1069 889 1069 888 1069 886 1069 868 1084 867 1084 834 1076 833 1076 831 1076 830 1076 809 1085 808 1085 805 1085 775 1079 774 1079 689 1087 686 1087 685 1087 649 1076 647 1076 646 1076 645 1076 606 1088 582 1073 580 1073 579 1073 555 1073 554 1073 505 1074 503 1074 502 1074 484 1089 426 1076 425 1076 424 1076 404 1084 388 1076 387 1076 385 1076 314 1085 288 1079 286 1079 285 1079 284 1079 264 1087 245 1079 244 1079 242 1079 241 1079 212 1092 214 1132"/></Shape>
	    <String CONTENT="Monſtrent aſſez que nous ne pouuons voir"
                    HPOS="212"
                    VPOS="1069"
                    WIDTH="964"
                    HEIGHT="86"
                    WC="0.964448790252209"></String>
          </TextLine>

          
          
          <TextLine ID="eSc_line_a9189fa6"
                    TAGREFS="LT1585"
                    BASELINE="215 1212 1216 1198" 
                    HPOS="214"
                    VPOS="1146"
                    WIDTH="1002"
                    HEIGHT="88">
            <Shape><Polygon POINTS="1208 1161 1113 1161 1096 1146 1095 1146 1094 1146 1072 1146 1070 1146 1069 1146 1068 1146 1051 1161 1024 1161 956 1147 955 1147 954 1147 952 1147 930 1161 875 1164 816 1149 815 1149 814 1149 812 1149 789 1157 715 1150 713 1150 712 1150 711 1150 689 1166 687 1168 562 1168 543 1153 542 1153 540 1153 520 1153 518 1153 517 1153 481 1169 480 1170 420 1170 369 1170 348 1155 347 1155 345 1155 319 1155 318 1155 317 1155 315 1155 299 1169 233 1157 232 1157 230 1157 229 1157 214 1168 215 1212 215 1231 319 1223 334 1232 337 1234 339 1234 340 1234 341 1234 343 1234 344 1234 345 1232 358 1223 411 1230 413 1230 414 1230 443 1221 473 1231 476 1231 477 1231 479 1231 480 1231 483 1231 516 1220 642 1228 661 1230 663 1230 664 1230 669 1228 715 1217 800 1227 812 1228 814 1228 827 1227 915 1216 936 1225 937 1225 939 1225 940 1225 969 1214 1072 1224 1073 1224 1074 1224 1076 1224 1088 1214 1127 1223 1128 1223 1129 1223 1155 1213 1213 1223 1216 1198 1214 1191 1208 1161"/></Shape>
	    <String CONTENT="Les loix, combien qu&#x27;elles ſoient dites ſaintes,"
                    HPOS="214"
                    VPOS="1146"
                    WIDTH="1002"
                    HEIGHT="88"
                    WC="0.988085463643074"></String>
          </TextLine>

          
          
          <TextLine ID="eSc_line_f33be906"
                    TAGREFS="LT1585"
                    BASELINE="218 1295 509 1284 1088 1279" 
                    HPOS="216"
                    VPOS="1227"
                    WIDTH="872"
                    HEIGHT="94">
            <Shape><Polygon POINTS="218 1309 358 1311 359 1311 361 1311 381 1305 415 1297 462 1304 477 1305 479 1305 480 1305 481 1305 481 1304 483 1302 495 1321 551 1301 615 1306 616 1306 653 1298 678 1293 701 1297 738 1304 739 1304 741 1304 764 1295 775 1291 794 1294 833 1301 834 1301 877 1293 888 1290 890 1291 904 1302 906 1302 907 1302 908 1304 933 1304 933 1302 934 1302 952 1293 970 1301 971 1301 973 1301 1088 1286 1088 1279 1087 1242 1073 1235 1072 1235 1070 1235 998 1242 980 1227 978 1227 977 1227 940 1227 939 1227 937 1227 885 1243 845 1230 844 1230 804 1230 803 1230 801 1230 755 1246 691 1231 690 1231 689 1231 687 1231 665 1247 602 1240 601 1240 599 1240 584 1247 554 1234 553 1234 524 1234 523 1234 521 1234 520 1234 501 1249 453 1242 451 1242 450 1242 448 1242 448 1243 440 1250 398 1243 396 1243 395 1243 393 1243 384 1250 359 1243 358 1243 356 1243 295 1253 258 1238 256 1238 255 1238 253 1238 216 1253 218 1295"/></Shape>
	    <String CONTENT="Ny nous reigler par leur diuin ſauoir:"
                    HPOS="216"
                    VPOS="1227"
                    WIDTH="872"
                    HEIGHT="94"
                    WC="0.972285741253903"></String>
          </TextLine>

          
          
          <TextLine ID="eSc_line_6d7e7a2d"
                    TAGREFS="LT1585"
                    BASELINE="216 1378 485 1367 1113 1359" 
                    HPOS="215"
                    VPOS="1308"
                    WIDTH="898"
                    HEIGHT="88">
            <Shape><Polygon POINTS="216 1378 216 1391 242 1396 244 1396 245 1396 247 1396 253 1391 259 1387 270 1390 285 1396 286 1396 288 1396 289 1396 291 1396 291 1394 296 1390 300 1386 352 1389 367 1389 369 1389 370 1389 373 1387 389 1382 440 1382 446 1386 454 1393 455 1393 457 1393 458 1394 491 1394 491 1393 492 1393 494 1393 505 1385 507 1382 510 1385 521 1393 523 1393 524 1393 525 1393 569 1391 571 1391 597 1382 610 1378 678 1378 687 1381 715 1387 716 1387 717 1387 719 1387 735 1381 763 1389 764 1389 766 1389 837 1386 838 1386 840 1386 840 1385 849 1375 852 1374 859 1375 899 1385 900 1385 949 1374 955 1372 960 1372 1021 1383 1022 1383 1113 1368 1113 1359 1109 1321 1018 1321 1017 1321 1003 1309 1003 1308 1002 1308 1000 1308 999 1308 932 1321 919 1324 907 1321 858 1311 856 1311 855 1311 853 1311 853 1312 842 1323 838 1326 826 1323 778 1312 777 1312 775 1312 755 1323 746 1327 719 1323 694 1320 693 1320 691 1320 678 1323 663 1327 657 1324 653 1320 652 1320 650 1320 649 1320 630 1324 608 1328 599 1324 587 1316 586 1316 584 1316 551 1316 550 1316 549 1316 532 1324 520 1331 507 1324 492 1317 491 1317 490 1317 488 1317 487 1317 476 1324 468 1330 446 1324 440 1324 439 1324 437 1324 436 1324 436 1326 422 1334 303 1334 274 1326 259 1321 258 1321 256 1321 215 1326 216 1378"/></Shape>
	    <String CONTENT="Mais nous faiſons toutes fois bien deuoir"
                    HPOS="215"
                    VPOS="1308"
                    WIDTH="898"
                    HEIGHT="88"
                    WC="0.969200350889346"></String>
          </TextLine>

          
          
          <TextLine ID="eSc_line_fd1ac79e"
                    TAGREFS="LT1585"
                    BASELINE="216 1457 654 1445 1206 1438" 
                    HPOS="215"
                    VPOS="1387"
                    WIDTH="991"
                    HEIGHT="91">
            <Shape><Polygon POINTS="1101 1401 1083 1387 1081 1387 1080 1387 1046 1387 1044 1387 1043 1387 1041 1387 1024 1402 1021 1405 901 1405 899 1404 881 1390 879 1390 878 1390 877 1390 804 1391 803 1391 771 1405 770 1405 764 1405 728 1402 727 1402 726 1402 724 1402 720 1405 715 1409 693 1407 647 1400 646 1400 645 1400 631 1407 623 1411 616 1407 609 1404 608 1404 606 1404 583 1408 553 1412 539 1408 509 1397 507 1397 506 1397 420 1400 418 1400 393 1409 387 1412 380 1409 365 1404 363 1404 362 1404 361 1404 359 1404 351 1409 347 1413 341 1411 336 1408 334 1408 333 1408 319 1411 285 1418 274 1411 260 1402 259 1402 258 1402 256 1402 215 1411 216 1457 216 1470 253 1478 255 1478 256 1478 258 1478 271 1470 271 1468 325 1466 332 1468 347 1472 348 1472 350 1472 351 1472 352 1472 361 1467 367 1463 446 1463 450 1466 459 1474 461 1474 462 1474 464 1475 512 1475 512 1474 513 1474 514 1474 532 1463 536 1460 586 1460 593 1462 621 1471 623 1471 624 1471 672 1470 674 1470 675 1470 687 1462 716 1470 717 1470 719 1470 720 1470 722 1470 734 1459 733 1476 776 1475 778 1457 789 1466 790 1466 792 1466 793 1466 884 1457 1077 1463 1079 1463 1080 1463 1103 1453 1150 1462 1151 1462 1205 1448 1206 1438 1202 1404 1197 1401"/></Shape>
	    <String CONTENT="D&#x27;auoir l’eſpee au poing de la main dextre."
                    HPOS="215"
                    VPOS="1387"
                    WIDTH="991"
                    HEIGHT="91"
                    WC="0.968111370885095"></String>
          </TextLine>

          
          
          <TextLine ID="eSc_line_1e9bfeea"
                    TAGREFS="LT1585"
                    BASELINE="218 1537 549 1527 1209 1519" 
                    HPOS="216"
                    VPOS="1470"
                    WIDTH="993"
                    HEIGHT="93">
            <Shape><Polygon POINTS="218 1537 218 1556 281 1552 310 1556 355 1563 356 1563 358 1563 372 1556 387 1548 403 1555 417 1562 418 1562 420 1562 421 1562 422 1562 429 1555 437 1548 472 1548 487 1555 499 1560 501 1560 502 1562 562 1562 562 1560 564 1560 565 1560 575 1555 576 1553 584 1553 605 1556 606 1556 608 1556 609 1556 612 1553 624 1543 738 1541 800 1544 815 1552 822 1556 823 1556 825 1556 826 1556 836 1552 864 1540 911 1552 919 1553 921 1553 922 1555 999 1555 999 1553 1000 1553 1007 1551 1047 1537 1088 1551 1090 1551 1091 1551 1092 1552 1140 1552 1140 1551 1142 1551 1144 1549 1175 1534 1206 1549 1209 1519 1206 1478 1124 1470 1122 1470 1121 1470 1120 1470 1107 1479 1102 1485 1040 1485 1011 1482 936 1472 934 1472 933 1472 906 1485 899 1488 896 1485 884 1474 882 1474 881 1474 834 1474 833 1474 831 1474 830 1474 815 1486 811 1490 705 1490 702 1489 689 1477 687 1477 686 1477 654 1477 653 1477 652 1477 650 1477 650 1478 636 1490 634 1493 517 1493 514 1493 490 1486 488 1486 487 1486 442 1494 425 1486 424 1486 422 1486 421 1486 403 1496 270 1497 241 1486 240 1486 238 1486 237 1486 236 1486 216 1496 218 1537"/></Shape>
	    <String CONTENT="Scez tu pourquoy cher amy? c&#x27;eſt pour eſtre"
                    HPOS="216"
                    VPOS="1470"
                    WIDTH="993"
                    HEIGHT="93"
                    WC="0.996735084888547"></String>
          </TextLine>

          
          
          <TextLine ID="eSc_line_cb300bb6"
                    TAGREFS="LT1585"
                    BASELINE="219 1617 1057 1603" 
                    HPOS="218"
                    VPOS="1551"
                    WIDTH="839"
                    HEIGHT="89">
            <Shape><Polygon POINTS="219 1617 219 1628 238 1636 240 1636 241 1636 288 1629 297 1637 297 1639 299 1639 300 1639 302 1640 323 1640 323 1639 325 1639 326 1639 326 1637 334 1629 431 1626 490 1637 491 1637 492 1637 494 1637 494 1636 503 1629 510 1636 512 1636 513 1636 514 1636 571 1623 582 1632 582 1633 583 1633 584 1633 632 1636 634 1636 635 1636 660 1626 667 1633 667 1634 668 1634 669 1634 671 1636 707 1636 707 1634 708 1634 709 1634 726 1621 787 1633 789 1633 790 1633 829 1619 849 1632 851 1632 852 1632 853 1633 882 1633 882 1632 884 1632 885 1632 900 1621 958 1630 959 1630 960 1630 962 1630 962 1629 969 1623 1017 1628 1018 1628 1020 1628 1057 1615 1057 1603 1055 1567 1028 1555 1026 1555 1025 1555 1024 1555 996 1566 977 1551 976 1551 974 1551 973 1551 870 1569 840 1553 838 1553 837 1553 789 1562 756 1555 755 1555 753 1555 752 1555 742 1563 722 1555 720 1555 719 1555 717 1555 679 1571 635 1558 634 1558 632 1558 631 1558 630 1558 630 1559 616 1573 569 1573 545 1562 543 1562 542 1562 540 1562 506 1574 483 1563 481 1563 480 1563 479 1563 457 1575 437 1560 436 1560 435 1560 407 1560 406 1560 404 1560 403 1560 403 1562 387 1577 280 1578 258 1566 256 1566 255 1566 253 1566 252 1566 218 1578 219 1617"/></Shape>
	    <String CONTENT="Craint des peris, &amp; ſimples païſans:"
                    HPOS="218"
                    VPOS="1551"
                    WIDTH="839"
                    HEIGHT="89"
                    WC="0.997951554285513"></String>
          </TextLine>

          
          
          <TextLine ID="eSc_line_a0a5b639"
                    TAGREFS="LT1585"
                    BASELINE="226 1700 417 1692 1171 1683" 
                    HPOS="225"
                    VPOS="1629"
                    WIDTH="946"
                    HEIGHT="97">
            <Shape><Polygon POINTS="226 1700 227 1726 260 1710 288 1721 289 1721 291 1721 292 1721 293 1721 310 1710 356 1709 381 1721 383 1721 384 1721 385 1721 407 1713 422 1721 425 1722 426 1722 428 1724 484 1724 484 1722 485 1722 487 1722 490 1720 510 1704 620 1704 634 1714 635 1714 636 1714 638 1714 639 1714 641 1714 641 1713 652 1703 748 1703 772 1713 787 1718 789 1718 790 1718 792 1718 808 1711 825 1704 848 1710 863 1714 864 1714 866 1714 867 1714 884 1710 910 1702 944 1703 954 1707 976 1715 977 1715 978 1715 1037 1709 1113 1713 1114 1713 1116 1713 1133 1704 1147 1711 1149 1711 1150 1711 1151 1711 1171 1702 1171 1683 1164 1632 1150 1644 1132 1633 1127 1629 1125 1629 1124 1629 1076 1629 1074 1629 1073 1629 1059 1634 1032 1645 992 1640 991 1640 989 1640 974 1648 884 1648 853 1641 852 1641 851 1641 849 1641 830 1648 804 1643 803 1643 801 1643 786 1651 693 1651 678 1643 661 1636 660 1636 624 1636 623 1636 621 1636 620 1636 609 1644 598 1652 560 1645 509 1637 507 1637 420 1645 380 1640 378 1640 377 1640 376 1640 365 1650 359 1655 344 1651 337 1648 336 1648 334 1648 333 1648 328 1651 317 1656 225 1654 226 1700"/></Shape>
	    <String CONTENT="Vn trebuſchet en l’autre, pour congnoiſtre"
                    HPOS="225"
                    VPOS="1629"
                    WIDTH="946"
                    HEIGHT="97"
                    WC="0.973293625173115"></String>
          </TextLine>

          
          
          <TextLine ID="eSc_line_7e28d907"
                    TAGREFS="LT1585"
                    BASELINE="222 1781 615 1770 1040 1766" 
                    HPOS="221"
                    VPOS="1710"
                    WIDTH="819"
                    HEIGHT="96">
            <Shape><Polygon POINTS="222 1799 253 1805 255 1805 256 1805 270 1798 286 1791 303 1798 311 1801 313 1801 314 1801 337 1796 345 1795 348 1796 370 1806 372 1806 373 1806 396 1805 398 1805 399 1805 413 1794 421 1787 462 1787 470 1792 484 1803 485 1803 487 1803 488 1805 525 1805 525 1803 527 1803 528 1803 546 1790 549 1788 561 1790 599 1795 601 1795 602 1795 616 1788 624 1784 634 1788 647 1792 649 1792 650 1792 652 1792 672 1787 686 1783 705 1785 781 1798 782 1798 783 1798 785 1798 801 1784 811 1792 812 1792 814 1792 815 1792 816 1792 818 1792 833 1781 836 1780 837 1781 862 1796 863 1796 864 1796 866 1798 904 1798 904 1796 981 1779 1021 1787 1022 1787 1024 1787 1025 1787 1040 1776 1040 1766 1037 1729 988 1728 967 1710 966 1710 965 1710 934 1710 933 1710 826 1732 807 1714 807 1713 805 1713 804 1713 786 1713 785 1713 783 1713 782 1713 782 1714 768 1726 750 1714 749 1714 748 1714 700 1714 698 1714 697 1714 696 1714 671 1732 642 1715 641 1715 639 1715 638 1715 636 1715 616 1733 597 1735 591 1736 574 1722 462 1731 461 1731 459 1731 436 1737 417 1720 415 1720 414 1720 395 1720 393 1720 392 1720 391 1720 367 1740 366 1742 343 1742 343 1740 321 1722 321 1721 319 1721 318 1721 295 1721 293 1721 292 1721 221 1742 222 1781"/></Shape>
	    <String CONTENT="Si les eſcuts qu&#x27;on baille ſont peſans."
                    HPOS="221"
                    VPOS="1710"
                    WIDTH="819"
                    HEIGHT="96"
                    WC="0.988447412466392"></String>
          </TextLine>

          
          
          <TextLine ID="eSc_line_2c9ac925"
                    TAGREFS="LT1587"
                    BASELINE="499 1890 1118 1879" 
                    HPOS="498"
                    VPOS="1821"
                    WIDTH="620"
                    HEIGHT="94">
            <Shape><Polygon POINTS="499 1905 521 1915 523 1915 524 1915 568 1906 636 1913 638 1913 639 1913 668 1902 669 1901 738 1901 739 1901 772 1910 774 1910 775 1910 777 1910 778 1910 793 1901 884 1905 885 1905 886 1905 908 1898 960 1908 962 1908 1118 1893 1118 1879 1114 1840 1029 1840 1006 1823 1004 1823 1003 1823 980 1821 978 1821 977 1821 976 1821 941 1843 842 1843 761 1827 760 1827 759 1827 727 1843 701 1829 700 1829 698 1829 697 1829 696 1829 668 1846 636 1828 635 1828 575 1828 573 1828 531 1832 529 1832 498 1849 499 1890"/></Shape>
	    <String CONTENT="A Thulon le rimailleur."
                    HPOS="498"
                    VPOS="1821"
                    WIDTH="620"
                    HEIGHT="94"
                    WC="0.997824692207834"></String>
          </TextLine>

          
          
          <TextLine ID="eSc_line_afe2d683"
                    TAGREFS="LT1585"
                    BASELINE="221 2009 601 1998 914 1996" 
                    HPOS="219"
                    VPOS="1935"
                    WIDTH="695"
                    HEIGHT="93">
            <Shape><Polygon POINTS="907 1935 826 1936 825 1936 823 1936 823 1938 822 1938 811 1952 761 1956 723 1942 716 1939 715 1939 713 1939 712 1939 711 1939 707 1942 694 1950 680 1943 674 1941 672 1941 671 1941 669 1941 668 1941 664 1943 645 1958 459 1956 458 1956 367 1964 358 1956 350 1949 350 1947 348 1947 347 1947 317 1947 315 1947 314 1947 289 1958 282 1961 274 1958 242 1950 241 1950 240 1950 238 1950 219 1958 221 2009 221 2027 258 2028 259 2028 260 2028 266 2026 286 2017 321 2024 341 2028 343 2028 409 2027 410 2027 428 2022 447 2013 573 2012 590 2016 602 2019 604 2019 605 2019 606 2019 608 2019 612 2015 617 2011 628 2015 641 2019 642 2019 643 2019 715 2012 719 2012 735 2020 737 2020 738 2020 800 2019 801 2019 803 2019 815 2009 816 2008 822 2008 881 2016 882 2016 884 2016 914 2005 914 1996 910 1936 907 1935"/></Shape>
	    <String CONTENT="Tu dis que tu entends le poinct"
                    HPOS="219"
                    VPOS="1935"
                    WIDTH="695"
                    HEIGHT="93"
                    WC="0.977034682227719"></String>
          </TextLine>

          
          
          <TextLine ID="eSc_line_7cc58e58"
                    TAGREFS="LT1585"
                    BASELINE="222 2090 888 2077" 
                    HPOS="219"
                    VPOS="2023"
                    WIDTH="669"
                    HEIGHT="89">
            <Shape><Polygon POINTS="222 2090 222 2105 262 2112 263 2112 264 2112 266 2112 274 2104 281 2100 345 2103 396 2104 398 2104 431 2100 462 2096 468 2098 485 2108 487 2108 488 2108 555 2096 566 2094 571 2096 597 2105 598 2105 599 2105 601 2105 602 2105 619 2094 623 2092 628 2094 652 2104 653 2104 654 2104 656 2104 696 2092 698 2092 704 2092 796 2101 797 2101 798 2101 825 2090 855 2100 856 2100 858 2100 859 2100 888 2086 888 2077 884 2037 867 2037 866 2037 847 2023 845 2023 844 2023 842 2023 841 2023 815 2038 812 2039 700 2039 656 2023 654 2023 620 2023 619 2023 572 2024 571 2024 569 2024 545 2042 476 2045 464 2045 461 2045 352 2028 351 2028 333 2030 332 2030 330 2030 330 2031 311 2048 245 2033 244 2033 242 2033 241 2033 219 2046 222 2090"/></Shape>
	    <String CONTENT="De rhetorique (ô lunatique)"
                    HPOS="219"
                    VPOS="2023"
                    WIDTH="669"
                    HEIGHT="89"
                    WC="0.966906247394426"></String>
          </TextLine>

          
          
          <TextLine ID="eSc_line_df5a4e46"
                    TAGREFS="LT1585"
                    BASELINE="222 2170 980 2156" 
                    HPOS="221"
                    VPOS="2108"
                    WIDTH="759"
                    HEIGHT="85">
            <Shape><Polygon POINTS="222 2170 222 2181 296 2193 297 2193 356 2181 363 2179 373 2181 447 2190 448 2190 450 2190 451 2190 464 2179 468 2177 494 2177 499 2179 513 2189 514 2189 516 2189 517 2189 518 2189 547 2179 573 2188 575 2188 576 2188 577 2188 579 2188 594 2178 602 2174 617 2178 631 2182 632 2182 634 2182 656 2178 686 2173 759 2178 775 2178 777 2178 778 2178 779 2178 779 2177 790 2171 804 2177 820 2184 822 2184 823 2184 860 2182 862 2182 863 2182 868 2177 871 2174 875 2177 886 2182 888 2182 889 2182 890 2182 901 2177 918 2168 939 2177 952 2181 954 2181 955 2181 980 2175 980 2156 976 2118 936 2118 933 2118 921 2108 919 2108 918 2108 917 2108 915 2108 914 2108 901 2118 899 2119 889 2118 853 2109 852 2109 851 2109 836 2118 831 2119 819 2118 771 2111 770 2111 733 2118 717 2120 709 2118 693 2112 691 2112 690 2112 689 2112 687 2112 679 2118 671 2123 634 2123 620 2118 608 2114 606 2114 605 2114 554 2116 553 2116 551 2116 550 2119 543 2125 525 2119 517 2116 516 2116 514 2116 513 2116 512 2116 509 2119 499 2126 464 2119 447 2116 446 2116 444 2116 437 2119 418 2127 400 2119 396 2118 395 2118 393 2118 392 2118 388 2119 369 2130 295 2130 278 2120 277 2120 275 2120 221 2120 222 2170"/></Shape>
	    <String CONTENT="Dy, ie te prie, &amp; ne ments point,"
                    HPOS="221"
                    VPOS="2108"
                    WIDTH="759"
                    HEIGHT="85"
                    WC="0.986487254951939"></String>
          </TextLine>

          
          
          <TextLine ID="eSc_line_6618bfb8"
                    TAGREFS="LT1585"
                    BASELINE="226 2251 989 2236" 
                    HPOS="223"
                    VPOS="2184"
                    WIDTH="766"
                    HEIGHT="109">
            <Shape><Polygon POINTS="226 2251 226 2285 321 2281 325 2284 334 2292 334 2293 336 2293 337 2293 339 2293 340 2293 367 2282 389 2274 402 2281 418 2292 420 2292 421 2292 422 2292 495 2291 496 2291 498 2291 513 2278 514 2277 518 2278 571 2289 572 2289 676 2273 712 2267 755 2267 759 2270 771 2281 772 2281 774 2281 775 2281 777 2281 778 2281 794 2269 797 2266 800 2269 819 2284 820 2284 822 2284 823 2285 842 2285 842 2284 844 2284 868 2273 906 2278 907 2278 908 2278 910 2278 925 2265 928 2263 989 2263 989 2236 985 2184 914 2199 809 2188 786 2186 785 2186 783 2186 782 2186 779 2189 767 2199 755 2189 753 2188 752 2188 750 2188 726 2188 724 2188 723 2188 722 2188 722 2189 719 2190 705 2203 665 2193 664 2193 628 2201 620 2193 617 2192 617 2190 616 2190 615 2190 583 2190 582 2190 580 2190 579 2190 579 2192 575 2195 564 2206 496 2200 495 2200 494 2200 492 2200 481 2207 443 2201 442 2201 355 2210 284 2208 274 2203 259 2197 258 2197 256 2197 223 2204 226 2251"/></Shape>
	    <String CONTENT="Scez tu que c&#x27;eſt que Bethorique?"
                    HPOS="223"
                    VPOS="2184"
                    WIDTH="766"
                    HEIGHT="109"
                    WC="0.99270923390533"></String>
          </TextLine>

          
        </TextBlock>
        
        <TextBlock HPOS="1328"
                   VPOS="2228"
                   WIDTH="82"
                   HEIGHT="77"
                   ID="eSc_textblock_f074d827"
                   TAGREFS="BT4975">
          <Shape><Polygon POINTS="1328 2228 1328 2305 1410 2305 1410 2228"/></Shape>
          
          
          <TextLine ID="eSc_line_7a09a185"
                    TAGREFS="LT1585"
                    BASELINE="1335 2291 1400 2285" 
                    HPOS="1334"
                    VPOS="2240"
                    WIDTH="67"
                    HEIGHT="84">
            <Shape><Polygon POINTS="1386 2244 1378 2240 1371 2240 1357 2240 1353 2240 1341 2248 1334 2278 1335 2291 1338 2324 1401 2306 1400 2285 1397 2262 1386 2244"/></Shape>
	    <String CONTENT="De"
                    HPOS="1334"
                    VPOS="2240"
                    WIDTH="67"
                    HEIGHT="84"
                    WC="0.998519659042358"></String>
          </TextLine>

          
        </TextBlock>
        

        
      </PrintSpace>
    </Page>
  </Layout>
</alto>
