1529 2488
192 31 1030 94 DE PLVS GRAND TRAVAIL.

1334 44 65 79 55

432 124 400 80 De luy meſme.

123 215 745 90 Lon dit qu'un boiteux contrefait

121 301 890 87 Reprend ma rithme en quelque endroit,

128 378 666 89 Ie ne blaſmerois point le faict

124 461 709 84 Quand en tel cas il s'entendroit:

121 544 777 84 Mais il n'y congnoiſt tort ny droit:

118 612 598 108 Et ſi elle luy eſt faſcheuſe,

123 709 761 84 Ce n'eſt que pource qu'il voudroit,

125 789 701 88 Qu'elle fut comme luy boiteuſe.

270 950 566 81 Au Sagon & enuieux.

120 1080 756 82 Vn enuieux qui Sagon s’appelloit,

121 1162 700 82 Fol, ignorant, malin, ambitieux,

118 1237 867 88 Le grand Marot des François aſſailloit

118 1328 791 77 Par ſots eſcrits & vers iniurieux:

121 1407 799 78 Mais Marot fut de luy victorieux,

121 1490 748 88 En ne tenant conte de ſon iargon:

124 1571 822 82 Quiconques ſois, comme luy, enuieux,

121 1655 758 81 Tu auras nom d’orenauant Sagon.

265 1788 539 73 A l'honneſte Amant.

124 1901 800 93 L’honneſteté giſt en parole honneſte,

124 1987 755 90 L'honneſteté giſt en honeſtes faits:

124 2067 847 90 Reſpond moy donq (ô honorable beſte)

128 2153 958 97 De ces deux poincts lequel c'eſt que tu fais.

836 2235 149 89 d 4

1144 2237 202 83 Dizain
