1475 2471
144 21 52 54 56

517 24 412 60 REPOS

377 98 923 112 Dizain fait par l’Auteur pour vn ſien

589 186 504 87 amy ſecond Acteon,

711 274 284 82 De Diane.

230 365 738 90 DIANE fut iadis vne Deeſſe

237 443 1058 106 C haſſant aux Cerfz par les bois ombrageux:

229 525 860 95 Helas, Diane en plus grande rudeſſe

226 608 996 96 Auiourdhui prend ſes paſſetemps & ieux:

227 690 962 92 Mais elle ha plus de poincts auantageux,

226 768 990 96 Beauté elle ha plus que l’autre admirable,

225 853 925 94 Auec ſa grace en toute choſe aymable,

222 934 989 90 Regard mettant au feu le cœur de maints:

222 1013 990 98 Diane aux Cerfz faiſoit chaſſe agreable:

221 1095 918 95 Et ceſte cy prend le cœur des humains.

372 1213 914 100 Eſtreine d’une fleur de ſoucy enuoyee

502 1291 658 106 à l’Autheur par Monſieur

630 1370 393 90 de Gammache.

733 1453 191 79 1550.

214 1552 682 91 Amy puis qu'il fault eſtrener

206 1632 596 86 Les amis, ce nouuel an cy,

203 1714 659 85 Ie ne ſaurois que peu donner:

206 1792 708 95 Car qui peu ha peu peult außi.

203 1875 552 88 Ie t'eſtrene, de ce qu'icy

201 1954 878 107 Nuict & iour grieuement me poingt:

203 2030 649 99 C’eſt la moitié de mon ſoucy,

201 2114 649 108 Ie ne ſcay ſi tu n'en as point.

1279 2213 99 87 Reſp
