1529 2492
159 44 1032 94 DE PLVS GRAND TRAVAIL.

1332 74 58 87 57

328 137 631 92 Reſponce par l’Autheur.

91 243 706 83 I'ay eu pour eſtreine vne fueille,

91 317 508 95 Amy feal, de ton ſoucy:

92 405 705 83 Ne penſe pas que ie m'en veuille.

90 491 718 82 Acquiter, pour vn grand mercy:

91 571 536 78 Car ie t'eſtreneray außi,

91 646 745 94 (L'eſtreine eſt preſte & agencee)

92 733 704 85 Quand tu me viendras voir icy,

91 814 562 84 De la veüe de ma penſee.

220 933 587 85 Des pleurs de ſa Sainte.

87 1034 786 83 Vne importune & ſoudaine douleur

87 1113 836 90 Vint aborder la plus ſainte des ſaintes,

88 1197 767 84 On vid muer ſa vermeille couleur,

90 1279 869 86 Et de ſes yeux ſortir larmes non feintes:

87 1360 870 89 I'eſtois preſent, & n'oſant faire pleintes

90 1445 817 82 Contraint eſtois tout tranſi demeurer:

145 1522 857 92 Lors elle feit (croy ie) pour m'aſſeurer

91 1600 879 91 Meilleure chere, eſſuyant ſon œil tendre:

90 1683 814 90 Mais ſi elle euſt voulu encor pleurer,

87 1765 1007 95 Mon triſte cœur s’alloit en deux parts fendre.

328 1899 633 82 De ſon Amour. Sonet.

85 2000 894 93 Or mon ame eſt tresheureuſement ſeure,

137 2068 988 112 En mon mal ſont treſgrands biens aduenuz:

131 2158 1008 120 Dieu veult qu'ainſi ſoient mes eſprits tenuz,

865 2256 128 94 d 5

1168 2267 104 83 Que
