<?xml version="1.0" encoding="UTF-8"?>
<alto xmlns:xsi="http://www.w3.org/2001/XMLSchema-instance"
      xmlns="http://www.loc.gov/standards/alto/ns-v4#"
      xsi:schemaLocation="http://www.loc.gov/standards/alto/ns-v4# http://www.loc.gov/standards/alto/v4/alto-4-2.xsd">
  <Description>
    <MeasurementUnit>pixel</MeasurementUnit>
    <sourceImageInformation>
      <fileName>58.jpg</fileName>
      
    </sourceImageInformation>
  </Description>
  
  <Tags>
    <OtherTag ID="BT4980" LABEL="TitlePageZone" DESCRIPTION="block type TitlePageZone"/><OtherTag ID="BT4979" LABEL="TableZone" DESCRIPTION="block type TableZone"/><OtherTag ID="BT4978" LABEL="StampZone" DESCRIPTION="block type StampZone"/><OtherTag ID="BT4977" LABEL="SealZone" DESCRIPTION="block type SealZone"/><OtherTag ID="BT4976" LABEL="RunningTitleZone" DESCRIPTION="block type RunningTitleZone"/><OtherTag ID="BT4975" LABEL="QuireMarksZone" DESCRIPTION="block type QuireMarksZone"/><OtherTag ID="BT4974" LABEL="NumberingZone" DESCRIPTION="block type NumberingZone"/><OtherTag ID="BT4973" LABEL="MusicZone" DESCRIPTION="block type MusicZone"/><OtherTag ID="BT4972" LABEL="MarginTextZone" DESCRIPTION="block type MarginTextZone"/><OtherTag ID="BT4971" LABEL="MainZone" DESCRIPTION="block type MainZone"/><OtherTag ID="BT4970" LABEL="DropCapitalZone" DESCRIPTION="block type DropCapitalZone"/><OtherTag ID="BT4969" LABEL="DigitizationArtefactZone" DESCRIPTION="block type DigitizationArtefactZone"/><OtherTag ID="BT4968" LABEL="GraphicZone" DESCRIPTION="block type GraphicZone"/><OtherTag ID="BT4967" LABEL="DamageZone" DESCRIPTION="block type DamageZone"/><OtherTag ID="BT4966" LABEL="CustomZone" DESCRIPTION="block type CustomZone"/>
    <OtherTag ID="LT1589" LABEL="MusicLine" DESCRIPTION="line type MusicLine"/><OtherTag ID="LT1588" LABEL="InterlinearLine" DESCRIPTION="line type InterlinearLine"/><OtherTag ID="LT1587" LABEL="HeadingLine" DESCRIPTION="line type HeadingLine"/><OtherTag ID="LT1586" LABEL="DropCapitalLine" DESCRIPTION="line type DropCapitalLine"/><OtherTag ID="LT1585" LABEL="DefaultLine" DESCRIPTION="line type DefaultLine"/><OtherTag ID="LT1584" LABEL="CustomLine" DESCRIPTION="line type CustomLine"/>
  </Tags>
  
  <Layout>
    <Page WIDTH="1475"
          HEIGHT="2471"
          PHYSICAL_IMG_NR="57"
          ID="eSc_dummypage_">
      <PrintSpace HPOS="0"
                  VPOS="0"
                  WIDTH="1475"
                  HEIGHT="2471">
        
        <TextBlock HPOS="182"
                   VPOS="51"
                   WIDTH="73"
                   HEIGHT="68"
                   ID="block_2"
                   TAGREFS="BT4974">
          <Shape><Polygon POINTS="255 51 255 119 182 119 182 51"/></Shape>
          
          
          <TextLine ID="eSc_line_a5aa8ba5"
                    TAGREFS="LT1585"
                    BASELINE="197 102 240 96" 
                    HPOS="188"
                    VPOS="50"
                    WIDTH="57"
                    HEIGHT="81">
            <Shape><Polygon POINTS="197 102 201 131 245 131 240 96 230 50 188 54 197 102"/></Shape>
	    <String CONTENT="58"
                    HPOS="188"
                    VPOS="50"
                    WIDTH="57"
                    HEIGHT="81"
                    WC="0.999943017959595"></String>
          </TextLine>

          
        </TextBlock>
        
        <TextBlock HPOS="450"
                   VPOS="33"
                   WIDTH="456"
                   HEIGHT="82"
                   ID="block_1"
                   TAGREFS="BT4976">
          <Shape><Polygon POINTS="906 33 906 115 450 115 450 33"/></Shape>
          
          
          <TextLine ID="eSc_line_227c72ef"
                    TAGREFS="LT1587"
                    BASELINE="482 94 893 95" 
                    HPOS="477"
                    VPOS="37"
                    WIDTH="415"
                    HEIGHT="74">
            <Shape><Polygon POINTS="889 105 892 94 892 45 867 37 865 37 863 37 834 43 801 51 786 43 778 37 776 37 774 37 772 37 770 37 749 41 721 49 690 41 677 37 675 37 673 37 671 37 661 39 626 51 591 39 585 37 582 37 580 37 578 37 576 37 576 39 562 53 531 53 482 37 479 92 477 111"/></Shape>
	    <String CONTENT="REPOS"
                    HPOS="477"
                    VPOS="37"
                    WIDTH="415"
                    HEIGHT="74"
                    WC="0.988891088962555"></String>
          </TextLine>

          
        </TextBlock>
        
        <TextBlock HPOS="215"
                   VPOS="130"
                   WIDTH="1154"
                   HEIGHT="2127"
                   ID="block_0"
                   TAGREFS="BT4971">
          <Shape><Polygon POINTS="1369 130 1369 1632 1246 2247 215 2257 215 130"/></Shape>
          
          
          <TextLine ID="eSc_line_61e175de"
                    TAGREFS="LT1585"
                    BASELINE="333 186 1146 190" 
                    HPOS="332"
                    VPOS="131"
                    WIDTH="814"
                    HEIGHT="87">
            <Shape><Polygon POINTS="1142 159 1134 148 1104 141 1102 141 1101 141 1083 149 1069 135 1069 134 1060 134 1021 134 1020 134 1019 134 1017 134 999 149 998 151 977 151 976 149 953 134 951 134 950 134 899 134 898 134 896 134 895 134 880 145 826 133 825 133 769 138 767 138 766 138 752 148 737 137 736 137 734 137 733 137 732 137 705 148 689 141 688 141 686 141 685 141 683 141 683 142 677 148 675 148 620 141 619 141 618 141 616 141 607 148 605 148 509 148 506 148 490 133 490 131 488 131 487 131 457 131 455 131 454 131 425 146 359 133 358 133 357 133 333 144 333 186 332 197 361 214 362 214 363 215 460 215 460 214 461 214 462 214 462 212 475 203 517 208 519 208 520 208 546 199 580 214 582 214 583 214 585 214 611 201 674 207 675 207 677 207 678 207 688 200 699 208 700 208 701 208 703 208 742 200 758 212 758 214 759 214 760 214 802 215 803 215 804 215 806 215 832 200 854 200 872 215 872 216 873 216 874 216 876 218 920 218 920 216 921 216 922 216 942 201 997 216 998 216 999 218 1025 218 1025 216 1027 216 1028 216 1052 201 1094 215 1095 215 1097 215 1098 215 1145 200 1146 190 1142 160 1142 159"/></Shape>
	    <String CONTENT="Que ſaintement ma Deeſſe ie ſerue."
                    HPOS="332"
                    VPOS="131"
                    WIDTH="814"
                    HEIGHT="87"
                    WC="0.983192405279945"></String>
          </TextLine>

          
          
          <TextLine ID="eSc_line_3a7eab0f"
                    TAGREFS="LT1585"
                    BASELINE="266 270 1053 266" 
                    HPOS="265"
                    VPOS="211"
                    WIDTH="788"
                    HEIGHT="82">
            <Shape><Polygon POINTS="267 292 298 284 346 291 365 293 366 293 368 293 369 293 373 291 387 282 421 289 424 289 425 289 431 289 528 280 604 280 612 285 612 286 613 286 615 286 616 286 624 285 656 280 666 285 674 289 675 289 677 289 710 284 721 282 729 284 771 292 773 292 774 292 775 292 785 284 813 291 814 291 815 291 817 291 836 281 844 278 877 280 877 281 887 289 887 291 888 291 889 291 891 291 972 281 1005 291 1006 291 1008 291 1009 291 1053 277 1053 266 1050 231 970 231 969 230 948 212 948 211 947 211 946 211 944 211 943 211 914 219 898 212 896 212 895 212 894 212 854 227 836 211 835 211 833 211 800 211 799 211 797 211 796 211 796 212 781 227 778 230 773 227 753 221 752 221 751 221 708 226 675 231 664 226 638 212 637 212 635 212 634 212 609 226 594 221 521 221 497 225 494 223 493 223 491 223 490 223 486 225 468 229 449 223 412 214 410 214 361 214 359 214 358 214 357 214 357 215 348 222 344 227 335 222 318 214 317 214 315 214 265 221 266 270"/></Shape>
	    <String CONTENT="Ta ſainteté? ô Diane, elle obſerue:"
                    HPOS="265"
                    VPOS="211"
                    WIDTH="788"
                    HEIGHT="82"
                    WC="0.970202011031074"></String>
          </TextLine>

          
          
          <TextLine ID="eSc_line_51497531"
                    TAGREFS="LT1585"
                    BASELINE="330 350 1028 348 1268 355" 
                    HPOS="327"
                    VPOS="288"
                    WIDTH="939"
                    HEIGHT="92">
            <Shape><Polygon POINTS="329 347 327 362 368 362 372 364 385 374 385 376 387 376 389 376 391 376 393 376 395 376 414 364 422 364 506 378 508 380 628 380 628 378 630 378 632 378 632 376 640 368 644 364 655 368 669 374 671 374 673 374 718 370 776 364 801 372 824 378 826 378 828 380 867 380 867 378 869 378 871 378 871 376 875 372 885 364 1019 364 1046 376 1054 378 1056 378 1058 378 1060 378 1069 376 1095 366 1262 378 1266 354 1264 306 1052 306 1048 304 1015 292 1013 292 1011 292 957 304 951 304 943 304 894 290 892 290 889 290 826 302 813 306 760 306 753 302 735 290 733 290 731 290 729 290 727 290 692 302 683 304 679 302 663 290 661 290 659 290 609 290 607 290 605 290 603 290 603 292 593 300 589 304 572 300 506 288 504 288 502 288 500 288 484 298 451 288 449 288 447 288 444 288 442 288 442 290 430 300 428 302 424 300 389 288 387 288 385 288 329 298 329 347"/></Shape>
	    <String CONTENT="Tes chaſtes faits ha touſiours maintenuz:"
                    HPOS="327"
                    VPOS="288"
                    WIDTH="939"
                    HEIGHT="92"></String>
          </TextLine>

          
          
          <TextLine ID="eSc_line_02baedf8"
                    TAGREFS="LT1585"
                    BASELINE="332 428 1248 432" 
                    HPOS="330"
                    VPOS="373"
                    WIDTH="918"
                    HEIGHT="80">
            <Shape><Polygon POINTS="332 428 330 440 462 450 464 450 535 442 547 440 560 442 649 451 650 451 652 451 686 442 693 440 748 440 751 442 771 451 773 451 774 451 826 442 837 440 851 442 913 450 914 450 916 450 917 450 927 443 968 448 969 448 970 448 994 442 997 442 1006 442 1101 450 1102 450 1104 450 1126 442 1128 442 1134 442 1198 453 1200 453 1247 442 1248 432 1247 392 1149 392 1148 391 1108 377 1106 377 1105 377 1104 377 1089 384 1079 376 1078 376 1076 376 1025 376 1024 376 1023 376 992 391 991 391 990 391 944 374 943 374 920 374 918 374 917 374 916 374 891 389 891 391 836 391 836 389 818 374 817 374 815 374 791 374 789 374 788 374 786 374 767 389 766 391 689 391 688 389 663 377 661 377 660 377 605 381 596 373 594 373 593 373 569 373 568 373 567 373 565 373 547 388 547 389 521 389 521 388 504 373 502 373 501 373 477 373 476 373 475 373 473 373 473 374 460 387 447 381 446 381 444 381 403 388 401 388 398 388 365 378 363 378 362 378 361 378 332 387 332 428"/></Shape>
	    <String CONTENT="Corps ha d’Amour, la couleur de Venus:"
                    HPOS="330"
                    VPOS="373"
                    WIDTH="918"
                    HEIGHT="80"
                    WC="0.984790529075422"></String>
          </TextLine>

          
          
          <TextLine ID="eSc_line_eb7ba038"
                    TAGREFS="LT1585"
                    BASELINE="326 513 1270 513" 
                    HPOS="326"
                    VPOS="455"
                    WIDTH="944"
                    HEIGHT="83">
            <Shape><Polygon POINTS="326 513 326 525 339 534 340 534 341 534 343 534 344 534 346 534 358 525 457 525 476 536 477 536 479 536 480 536 482 536 513 527 524 534 526 534 527 534 637 536 638 536 639 536 641 536 653 525 656 524 693 524 696 525 708 536 710 536 711 536 712 538 756 538 756 536 758 536 759 536 774 527 778 524 843 524 847 527 859 536 861 536 862 536 863 536 911 527 931 524 986 528 1065 534 1067 534 1098 528 1113 527 1268 529 1270 513 1270 473 1128 473 1128 472 1119 463 1117 463 1116 463 1115 463 1113 463 1098 470 1078 461 1076 461 1075 461 1073 461 1072 461 1061 470 1042 455 1041 455 1039 455 1006 455 1005 455 1003 455 1002 455 983 469 943 462 942 462 940 462 939 462 929 470 888 469 873 455 872 455 870 455 869 455 867 455 844 465 835 457 835 455 833 455 832 455 807 455 806 455 804 455 803 455 782 468 755 461 753 461 752 461 751 461 749 461 736 472 734 472 700 465 699 465 697 465 682 472 666 463 664 463 663 463 661 463 646 470 627 455 626 455 624 455 541 455 539 455 538 455 480 472 477 473 431 473 429 472 398 459 396 459 355 459 354 459 352 459 326 470 326 513"/></Shape>
	    <String CONTENT="Le cœur, l&#x27;eſprit, &amp; les yeux de Minerue."
                    HPOS="326"
                    VPOS="455"
                    WIDTH="944"
                    HEIGHT="83"
                    WC="0.986069983098565"></String>
          </TextLine>

          
          
          <TextLine ID="eSc_line_dfb1d31c"
                    TAGREFS="LT1585"
                    BASELINE="267 597 667 591 1255 594" 
                    HPOS="266"
                    VPOS="538"
                    WIDTH="989"
                    HEIGHT="78">
            <Shape><Polygon POINTS="267 597 267 613 571 606 602 615 604 615 605 615 607 615 608 615 609 615 624 606 696 606 774 615 780 615 781 615 782 615 784 615 796 606 808 615 810 615 811 615 813 616 881 616 881 615 885 615 950 606 998 615 999 615 1001 615 1002 615 1019 606 1058 615 1060 615 1061 615 1062 615 1133 606 1252 615 1255 594 1253 555 1105 553 1090 544 1089 544 1087 544 1086 544 1065 554 990 547 988 547 948 554 909 540 907 540 906 540 905 540 877 555 840 555 814 538 813 538 811 538 700 538 699 538 697 538 696 538 678 551 602 554 556 546 554 546 553 546 520 554 495 538 494 538 493 538 460 538 458 538 457 538 455 538 436 550 421 538 420 538 418 538 374 538 373 538 372 538 343 549 289 539 288 539 287 539 285 539 266 553 267 597"/></Shape>
	    <String CONTENT="Ne ſois, Diane, au chaſte Amour contraire,"
                    HPOS="266"
                    VPOS="538"
                    WIDTH="989"
                    HEIGHT="78"
                    WC="0.977688174872171"></String>
          </TextLine>

          
          
          <TextLine ID="eSc_line_32425a72"
                    TAGREFS="LT1585"
                    BASELINE="328 675 1340 671" 
                    HPOS="326"
                    VPOS="616"
                    WIDTH="1014"
                    HEIGHT="92">
            <Shape><Polygon POINTS="328 675 329 702 355 691 402 698 403 698 495 691 523 701 539 706 541 706 542 708 569 708 569 706 571 706 583 700 598 691 618 700 619 700 620 700 622 700 624 700 664 690 689 698 705 705 707 705 708 706 824 706 824 705 825 705 840 697 847 694 876 697 954 705 955 705 957 705 958 705 969 695 977 690 1001 695 1014 698 1016 698 1017 698 1023 695 1035 689 1060 695 1094 704 1095 704 1097 705 1131 705 1131 704 1133 704 1134 704 1146 694 1155 689 1190 691 1193 694 1207 704 1208 704 1209 704 1211 705 1247 705 1247 704 1248 704 1268 693 1271 691 1337 691 1340 671 1337 631 1268 616 1267 616 1266 616 1219 631 1216 631 1126 631 1014 631 966 617 965 617 964 617 962 617 961 617 943 631 943 632 939 631 899 623 898 623 896 623 873 632 870 634 821 634 819 632 803 617 802 617 800 617 799 617 715 628 701 617 700 617 699 617 664 617 663 617 661 617 660 617 637 631 612 619 611 619 609 619 608 619 582 632 578 635 509 635 502 632 442 619 440 619 439 619 403 634 402 634 399 634 366 619 365 619 363 619 362 619 326 632 328 675"/></Shape>
	    <String CONTENT="Rend moy, Pallas, ſage &amp; ſauant, pour plaire"
                    HPOS="326"
                    VPOS="616"
                    WIDTH="1014"
                    HEIGHT="92"
                    WC="0.987976316701282"></String>
          </TextLine>

          
          
          <TextLine ID="eSc_line_91e8b34c"
                    TAGREFS="LT1585"
                    BASELINE="326 761 620 753 1209 756" 
                    HPOS="325"
                    VPOS="702"
                    WIDTH="884"
                    HEIGHT="77">
            <Shape><Polygon POINTS="326 761 326 768 343 778 344 778 346 778 450 768 510 775 512 775 513 775 543 767 547 767 567 767 685 774 686 774 688 774 711 768 715 767 716 768 733 778 734 778 736 778 737 779 835 779 835 778 836 778 837 778 845 771 854 778 855 778 856 778 858 778 928 771 972 778 973 778 975 778 1006 768 1013 767 1023 768 1064 776 1065 776 1067 776 1068 776 1076 768 1078 767 1122 767 1130 768 1155 776 1156 776 1157 776 1208 768 1209 756 1208 719 1075 719 1047 708 1046 708 1045 708 1043 708 1023 717 1001 702 999 702 998 702 966 702 965 702 964 702 962 702 943 719 900 708 899 708 898 708 896 708 872 715 858 704 858 702 856 702 855 702 854 702 759 709 758 709 740 719 711 704 710 704 708 704 707 704 677 716 609 706 608 706 564 713 539 708 538 708 536 708 535 708 517 716 502 702 501 702 499 702 498 702 420 709 401 702 399 702 398 702 396 702 395 702 372 720 325 720 326 761"/></Shape>
	    <String CONTENT="A celle tant vertueuſe &amp; ſainte ame."
                    HPOS="325"
                    VPOS="702"
                    WIDTH="884"
                    HEIGHT="77"
                    WC="0.985816693968243"></String>
          </TextLine>

          
          
          <TextLine ID="eSc_line_7a51d89c"
                    TAGREFS="LT1585"
                    BASELINE="269 838 1105 833" 
                    HPOS="267"
                    VPOS="778"
                    WIDTH="838"
                    HEIGHT="85">
            <Shape><Polygon POINTS="267 793 269 838 270 862 303 853 335 860 341 862 343 862 344 862 346 862 347 860 365 849 381 859 384 862 385 862 387 862 388 863 476 863 476 862 477 862 479 862 479 860 483 857 493 848 517 848 608 848 626 853 639 859 641 859 642 859 644 859 664 853 688 847 748 851 818 856 819 856 821 856 822 856 822 855 829 849 830 847 894 845 898 848 910 857 911 857 913 857 914 857 1042 845 1065 857 1067 857 1068 857 1069 857 1105 842 1105 833 1101 794 997 794 995 794 979 779 979 778 977 778 976 778 951 778 950 778 948 778 947 778 947 779 931 794 929 796 845 796 843 794 837 789 836 789 835 789 833 789 832 789 830 789 822 794 819 796 818 794 793 779 792 779 791 779 769 779 767 779 766 779 764 779 738 794 723 781 723 779 722 779 721 779 701 779 700 779 699 779 697 779 697 781 683 794 681 798 597 798 594 796 589 790 589 789 587 789 586 789 585 789 521 794 502 781 501 781 499 781 498 781 465 782 464 782 462 782 462 783 449 796 447 796 439 796 416 794 405 783 405 782 403 782 402 782 401 782 399 782 370 790 285 782 284 782 282 782 281 782 267 792 267 793"/></Shape>
	    <String CONTENT="Fay luy ſentir ma douleur treſamere"
                    HPOS="267"
                    VPOS="778"
                    WIDTH="838"
                    HEIGHT="85"
                    WC="0.992828973702022"></String>
          </TextLine>

          
          
          <TextLine ID="eSc_line_4020826d"
                    TAGREFS="LT1585"
                    BASELINE="332 918 1289 914" 
                    HPOS="330"
                    VPOS="862"
                    WIDTH="959"
                    HEIGHT="84">
            <Shape><Polygon POINTS="1124 878 1058 862 969 862 968 862 905 863 903 863 902 863 885 877 866 878 852 878 848 878 826 871 825 871 824 871 822 871 821 871 814 878 813 879 685 879 683 878 675 871 674 871 672 871 671 871 670 871 646 878 645 878 644 878 627 870 626 870 624 870 623 870 622 870 611 877 568 864 567 864 539 864 538 864 536 864 535 864 517 878 516 879 515 878 504 870 502 870 501 870 499 870 468 875 455 866 455 864 454 864 453 864 451 864 405 873 358 864 357 864 355 864 330 875 332 918 332 933 422 941 424 941 425 941 457 933 471 930 490 933 539 941 541 941 542 941 568 933 579 930 634 930 638 933 648 940 649 940 650 940 652 941 734 941 734 940 736 940 763 933 798 946 825 939 889 937 891 937 892 937 905 932 911 929 920 932 940 940 942 940 943 940 990 932 1006 929 1023 932 1047 936 1049 936 1071 932 1083 929 1087 932 1097 938 1098 938 1100 938 1101 938 1141 932 1148 930 1152 932 1175 938 1176 938 1178 938 1212 932 1227 927 1237 930 1256 938 1258 938 1259 938 1260 938 1289 930 1289 914 1286 878 1284 878"/></Shape>
	    <String CONTENT="Enfant, &amp; toy, ma grand chaleur, ô mere,"
                    HPOS="330"
                    VPOS="862"
                    WIDTH="959"
                    HEIGHT="84"></String>
          </TextLine>

          
          
          <TextLine ID="eSc_line_1e94ec36"
                    TAGREFS="LT1585"
                    BASELINE="335 996 1290 993" 
                    HPOS="333"
                    VPOS="943"
                    WIDTH="957"
                    HEIGHT="81">
            <Shape><Polygon POINTS="335 996 335 1017 420 1024 421 1024 422 1024 424 1024 432 1017 439 1011 472 1011 480 1017 490 1024 491 1024 493 1024 494 1024 569 1015 586 1014 597 1015 644 1022 645 1022 646 1022 664 1014 672 1011 752 1011 759 1014 785 1024 786 1024 788 1024 789 1024 808 1013 815 1010 841 1010 845 1013 856 1022 858 1022 859 1022 861 1022 862 1022 889 1013 898 1010 900 1013 907 1018 907 1019 909 1019 910 1019 951 1022 953 1022 954 1022 955 1022 969 1011 973 1010 1043 1010 1049 1011 1079 1022 1080 1022 1082 1024 1138 1024 1138 1022 1139 1022 1141 1022 1152 1013 1190 1021 1192 1021 1289 1008 1290 993 1289 959 1271 949 1270 949 1268 949 1267 949 1266 949 1251 958 1167 958 1148 943 1146 943 1145 943 1052 943 1050 943 1049 943 1035 949 991 943 990 943 988 943 987 943 968 956 955 948 954 948 953 948 855 943 854 943 852 943 808 959 764 948 763 948 762 948 760 948 736 956 696 944 694 944 693 944 692 944 644 960 424 960 362 944 361 944 359 944 358 944 357 944 333 958 335 996"/></Shape>
	    <String CONTENT="Que i&#x27;ay receu du traict &amp; de la flamme."
                    HPOS="333"
                    VPOS="943"
                    WIDTH="957"
                    HEIGHT="81"
                    WC="0.979711979627609"></String>
          </TextLine>

          
          
          <TextLine ID="eSc_line_7f3495db"
                    TAGREFS="LT1587"
                    BASELINE="613 1079 1084 1083" 
                    HPOS="612"
                    VPOS="1026"
                    WIDTH="472"
                    HEIGHT="73">
            <Shape><Polygon POINTS="612 1089 797 1099 799 1099 1083 1094 1084 1083 1083 1044 958 1044 950 1040 928 1028 927 1028 925 1028 885 1036 851 1028 850 1028 848 1028 847 1028 845 1028 833 1036 826 1040 815 1036 793 1028 792 1028 791 1028 789 1028 788 1028 780 1035 771 1041 752 1033 742 1030 741 1030 740 1030 722 1033 682 1040 664 1032 653 1026 652 1026 650 1026 613 1029 613 1079"/></Shape>
	    <String CONTENT="Sonet de ſa Sainte."
                    HPOS="612"
                    VPOS="1026"
                    WIDTH="472"
                    HEIGHT="73"
                    WC="0.977597440543928"></String>
          </TextLine>

          
          
          <TextLine ID="eSc_line_18b097fc"
                    TAGREFS="LT1585"
                    BASELINE="271 1162 1073 1155" 
                    HPOS="270"
                    VPOS="1098"
                    WIDTH="803"
                    HEIGHT="88">
            <Shape><Polygon POINTS="271 1162 271 1180 508 1173 516 1179 521 1184 523 1184 524 1184 526 1186 554 1186 554 1184 556 1184 572 1179 593 1172 701 1172 711 1177 721 1183 722 1183 723 1183 725 1183 891 1180 892 1180 909 1175 913 1173 916 1175 929 1180 931 1180 932 1181 1039 1181 1039 1180 1073 1172 1073 1155 1071 1116 1057 1116 1041 1099 1041 1098 1039 1098 1038 1098 1036 1098 991 1105 981 1098 980 1098 979 1098 977 1098 976 1098 975 1098 975 1099 959 1114 909 1117 763 1117 734 1113 723 1102 723 1100 722 1100 721 1100 635 1100 634 1100 633 1100 600 1114 553 1102 552 1102 550 1102 549 1102 513 1118 454 1109 453 1109 451 1109 432 1116 418 1103 417 1103 416 1103 368 1103 366 1103 365 1103 325 1117 289 1107 288 1107 287 1107 285 1107 284 1107 270 1118 271 1162"/></Shape>
	    <String CONTENT="Brulant au feu de l’amoureux tiſon"
                    HPOS="270"
                    VPOS="1098"
                    WIDTH="803"
                    HEIGHT="88"
                    WC="0.987689063829534"></String>
          </TextLine>

          
          
          <TextLine ID="eSc_line_69bd60d2"
                    TAGREFS="LT1585"
                    BASELINE="332 1238 1126 1240" 
                    HPOS="330"
                    VPOS="1180"
                    WIDTH="796"
                    HEIGHT="89">
            <Shape><Polygon POINTS="332 1238 330 1261 354 1265 355 1265 357 1265 365 1261 384 1251 422 1251 466 1260 486 1264 487 1264 488 1264 490 1264 495 1260 509 1251 575 1258 576 1258 578 1258 600 1251 615 1258 631 1267 633 1267 634 1267 635 1267 637 1267 648 1258 659 1251 688 1251 703 1257 727 1268 729 1268 730 1269 854 1269 854 1268 855 1268 856 1268 876 1256 878 1254 891 1256 979 1268 980 1268 981 1268 983 1268 998 1254 1001 1253 1012 1254 1094 1267 1095 1267 1097 1267 1124 1253 1126 1240 1126 1197 1105 1181 1104 1181 1102 1181 1083 1181 1082 1181 1080 1181 1079 1181 1056 1198 969 1181 968 1181 966 1181 965 1181 965 1183 948 1199 924 1199 896 1181 895 1181 894 1181 861 1181 859 1181 858 1181 856 1181 856 1183 839 1198 839 1199 825 1199 824 1198 797 1181 796 1181 795 1181 793 1181 792 1181 737 1198 719 1181 719 1180 718 1180 716 1180 715 1180 645 1183 644 1183 615 1197 605 1190 604 1190 602 1190 601 1190 509 1197 493 1181 493 1180 491 1180 490 1180 488 1180 487 1180 486 1180 460 1197 433 1180 432 1180 431 1180 409 1180 407 1180 406 1180 405 1180 381 1197 359 1184 358 1184 357 1184 355 1184 332 1195 332 1238"/></Shape>
	    <String CONTENT="Ie l’adorois &amp; luy faiſois offrande"
                    HPOS="330"
                    VPOS="1180"
                    WIDTH="796"
                    HEIGHT="89"
                    WC="0.99803386926651"></String>
          </TextLine>

          
          
          <TextLine ID="eSc_line_543a3087"
                    TAGREFS="LT1585"
                    BASELINE="329 1323 1266 1319" 
                    HPOS="328"
                    VPOS="1264"
                    WIDTH="938"
                    HEIGHT="85">
            <Shape><Polygon POINTS="1262 1276 1256 1271 1192 1264 1190 1264 1189 1264 1187 1264 1178 1272 1170 1280 1120 1280 1112 1273 1101 1264 1100 1264 1098 1264 1080 1264 1079 1264 1078 1264 1076 1264 1061 1275 1057 1278 995 1279 990 1275 976 1264 975 1264 973 1264 972 1264 970 1264 947 1276 939 1280 932 1276 929 1273 928 1273 927 1273 925 1273 924 1273 917 1276 907 1280 899 1276 872 1265 870 1265 869 1265 867 1265 866 1265 851 1278 845 1282 830 1282 825 1278 804 1265 803 1265 802 1265 780 1265 778 1265 777 1265 775 1265 759 1279 756 1280 736 1279 670 1273 668 1273 626 1280 618 1282 616 1280 600 1267 598 1267 597 1267 569 1267 568 1267 567 1267 565 1267 546 1282 527 1267 526 1267 524 1267 484 1267 483 1267 482 1267 480 1267 464 1280 401 1282 380 1267 379 1267 377 1267 352 1267 351 1267 350 1267 348 1267 328 1280 329 1323 329 1341 341 1348 343 1348 344 1348 346 1348 369 1339 381 1335 493 1335 513 1339 568 1349 569 1349 571 1349 593 1338 600 1334 710 1334 721 1338 745 1348 747 1348 748 1349 777 1349 777 1348 778 1348 780 1348 780 1346 791 1338 792 1335 800 1338 824 1345 825 1345 950 1348 951 1348 1010 1337 1014 1337 1065 1337 1067 1337 1090 1346 1091 1346 1093 1346 1094 1346 1119 1337 1120 1337 1122 1337 1179 1346 1181 1346 1182 1346 1198 1338 1209 1343 1211 1343 1212 1343 1266 1335 1266 1319 1263 1278 1262 1276"/></Shape>
	    <String CONTENT="D&#x27;un chaſte cœur, ſans luy faire demande"
                    HPOS="328"
                    VPOS="1264"
                    WIDTH="938"
                    HEIGHT="85"
                    WC="0.970466388761997"></String>
          </TextLine>

          
          
          <TextLine ID="eSc_line_b503eae1"
                    TAGREFS="LT1585"
                    BASELINE="336 1402 1135 1402" 
                    HPOS="336"
                    VPOS="1349"
                    WIDTH="799"
                    HEIGHT="81">
            <Shape><Polygon POINTS="336 1413 374 1429 376 1429 377 1430 417 1430 417 1429 418 1429 420 1429 420 1427 432 1416 433 1415 612 1415 620 1419 634 1429 635 1429 637 1429 638 1430 663 1430 663 1429 664 1429 666 1429 678 1420 688 1415 716 1422 734 1424 736 1424 751 1422 786 1415 797 1423 806 1429 807 1429 808 1429 810 1429 833 1423 862 1416 874 1424 880 1429 881 1429 883 1429 884 1429 950 1426 951 1426 953 1426 969 1416 1019 1427 1028 1429 1030 1429 1043 1427 1094 1422 1134 1429 1135 1402 1135 1367 1109 1367 1109 1365 1090 1349 1089 1349 1087 1349 1039 1349 1038 1349 1036 1349 1035 1349 1014 1365 1013 1367 952 1353 924 1364 914 1356 914 1354 913 1354 911 1354 910 1354 909 1354 907 1354 894 1364 889 1367 866 1367 862 1364 850 1353 848 1353 847 1353 845 1353 844 1353 817 1361 782 1349 781 1349 759 1349 758 1349 756 1349 755 1349 755 1350 741 1363 737 1367 721 1356 714 1352 699 1350 699 1349 697 1349 696 1349 661 1349 660 1349 659 1349 637 1361 633 1364 627 1361 612 1352 611 1352 609 1352 608 1352 568 1360 561 1363 475 1363 469 1360 460 1353 458 1353 457 1353 455 1353 454 1353 438 1359 421 1365 402 1359 373 1349 372 1349 370 1349 369 1349 336 1357 336 1402"/></Shape>
	    <String CONTENT="Qui contreuinſt à droit ny à raiſon."
                    HPOS="336"
                    VPOS="1349"
                    WIDTH="799"
                    HEIGHT="81"></String>
          </TextLine>

          
          
          <TextLine ID="eSc_line_ff7baa7b"
                    TAGREFS="LT1585"
                    BASELINE="271 1483 1089 1481" 
                    HPOS="270"
                    VPOS="1427"
                    WIDTH="819"
                    HEIGHT="84">
            <Shape><Polygon POINTS="270 1449 271 1483 271 1501 315 1497 335 1501 361 1508 362 1508 363 1508 365 1508 383 1501 395 1497 399 1501 407 1508 407 1510 409 1510 410 1510 412 1511 436 1511 436 1510 438 1510 439 1510 439 1508 447 1501 451 1497 532 1497 538 1501 549 1510 550 1510 552 1510 553 1510 554 1510 579 1501 591 1497 609 1501 652 1510 653 1510 655 1510 671 1501 681 1496 734 1500 822 1508 824 1508 892 1500 907 1499 910 1500 922 1508 924 1508 925 1508 927 1508 1089 1499 1089 1481 1086 1441 1061 1441 1039 1427 1038 1427 1036 1427 959 1427 958 1427 957 1427 955 1427 955 1429 942 1441 940 1444 906 1444 903 1442 877 1427 876 1427 836 1427 835 1427 833 1427 832 1427 807 1442 806 1442 792 1442 671 1441 646 1430 645 1430 644 1430 642 1430 641 1430 623 1444 623 1445 605 1445 605 1444 524 1429 523 1429 521 1429 486 1442 436 1429 435 1429 433 1429 432 1429 431 1429 409 1445 354 1445 324 1429 322 1429 291 1429 289 1429 288 1429 287 1429 273 1440 270 1449"/></Shape>
	    <String CONTENT="En meſme lieu, &amp; en meſme ſaiſon"
                    HPOS="270"
                    VPOS="1427"
                    WIDTH="819"
                    HEIGHT="84"
                    WC="0.983130805194378"></String>
          </TextLine>

          
          
          <TextLine ID="eSc_line_a901f35a"
                    TAGREFS="LT1585"
                    BASELINE="332 1563 1163 1563" 
                    HPOS="332"
                    VPOS="1510"
                    WIDTH="831"
                    HEIGHT="81">
            <Shape><Polygon POINTS="332 1563 332 1582 433 1577 482 1584 490 1585 491 1585 493 1585 497 1584 526 1577 538 1585 542 1588 543 1588 545 1588 583 1591 585 1591 586 1591 587 1591 587 1589 593 1585 601 1577 623 1585 624 1585 626 1585 627 1585 649 1577 672 1586 685 1591 686 1591 688 1591 689 1591 700 1586 723 1577 745 1585 747 1585 748 1585 793 1577 811 1586 813 1586 814 1586 815 1586 888 1578 899 1586 899 1588 900 1588 902 1588 903 1588 905 1588 906 1588 916 1582 992 1588 1024 1591 1025 1591 1027 1591 1028 1591 1030 1589 1042 1581 1056 1588 1057 1588 1058 1588 1100 1578 1116 1589 1117 1589 1119 1589 1120 1591 1163 1591 1163 1563 1161 1522 1150 1523 1146 1522 1133 1510 1131 1510 1130 1510 1128 1510 1056 1521 1038 1523 999 1521 936 1516 935 1516 903 1521 881 1523 869 1521 829 1510 828 1510 789 1510 788 1510 786 1510 785 1510 785 1511 774 1521 770 1523 738 1523 736 1521 725 1511 725 1510 723 1510 722 1510 721 1510 666 1514 664 1514 663 1514 663 1515 656 1521 653 1523 646 1519 623 1510 622 1510 583 1510 582 1510 580 1510 579 1510 564 1519 563 1521 546 1519 493 1515 491 1515 490 1515 488 1515 483 1519 475 1525 399 1525 383 1519 352 1511 351 1511 350 1511 348 1511 332 1518 332 1563"/></Shape>
	    <String CONTENT="Vn autre eſtoit ſans deuotion grande;"
                    HPOS="332"
                    VPOS="1510"
                    WIDTH="831"
                    HEIGHT="81"
                    WC="0.988572632944262"></String>
          </TextLine>

          
          
          <TextLine ID="eSc_line_87a70472"
                    TAGREFS="LT1585"
                    BASELINE="328 1644 1341 1637" 
                    HPOS="326"
                    VPOS="1586"
                    WIDTH="1015"
                    HEIGHT="87">
            <Shape><Polygon POINTS="1332 1586 1285 1586 1284 1586 1282 1586 1281 1586 1258 1603 1236 1588 1236 1586 1234 1586 1233 1586 1231 1586 1220 1588 1123 1606 1078 1606 1050 1591 1045 1588 1043 1588 1023 1588 1021 1588 1020 1588 1019 1588 1016 1591 998 1604 959 1597 958 1597 917 1606 884 1595 883 1595 881 1595 880 1595 878 1595 862 1607 814 1607 788 1597 786 1597 785 1597 749 1603 738 1596 738 1595 737 1595 736 1595 734 1595 733 1595 732 1595 732 1596 716 1608 692 1608 670 1596 656 1591 655 1591 653 1591 652 1591 638 1597 622 1606 591 1604 585 1597 576 1591 575 1591 574 1591 572 1591 493 1596 491 1596 483 1600 469 1607 440 1600 425 1597 424 1597 422 1597 413 1602 402 1606 394 1602 376 1592 374 1592 373 1592 326 1602 328 1644 328 1662 373 1669 374 1669 376 1669 387 1663 391 1662 498 1662 502 1663 516 1673 517 1673 519 1673 520 1673 576 1672 578 1672 593 1663 598 1661 608 1663 630 1672 631 1672 633 1673 699 1673 699 1672 700 1672 719 1665 734 1659 769 1665 807 1670 808 1670 847 1665 885 1659 940 1665 965 1667 966 1667 968 1667 976 1665 1003 1658 1032 1666 1045 1669 1046 1669 1047 1670 1131 1670 1131 1669 1133 1669 1134 1669 1134 1667 1137 1666 1141 1662 1174 1666 1189 1667 1190 1667 1192 1667 1194 1666 1205 1661 1340 1666 1341 1637 1339 1589 1332 1586"/></Shape>
	    <String CONTENT="Et toutesfois (comme Amour les yeux bande)"
                    HPOS="326"
                    VPOS="1586"
                    WIDTH="1015"
                    HEIGHT="87"
                    WC="0.984500463519778"></String>
          </TextLine>

          
          
          <TextLine ID="eSc_line_ebc5239c"
                    TAGREFS="LT1585"
                    BASELINE="330 1725 1194 1722" 
                    HPOS="329"
                    VPOS="1667"
                    WIDTH="865"
                    HEIGHT="84">
            <Shape><Polygon POINTS="330 1725 330 1739 440 1739 442 1739 457 1751 458 1751 460 1751 461 1751 520 1739 527 1739 650 1739 653 1739 685 1751 686 1751 688 1751 752 1739 764 1737 771 1739 797 1750 799 1750 800 1750 841 1743 898 1750 899 1750 900 1750 902 1750 914 1739 918 1737 936 1739 1017 1750 1019 1750 1194 1739 1194 1722 1193 1685 1144 1667 1142 1667 1141 1667 1105 1670 1104 1670 1102 1670 1102 1672 1089 1684 1087 1685 1006 1685 1003 1683 992 1674 991 1674 990 1674 988 1674 943 1683 935 1684 932 1683 916 1667 914 1667 913 1667 891 1667 889 1667 888 1667 887 1667 887 1669 877 1677 862 1667 861 1667 859 1667 829 1667 828 1667 826 1667 825 1667 803 1681 797 1684 789 1681 774 1676 773 1676 771 1676 770 1676 769 1676 769 1677 763 1681 758 1685 716 1680 697 1678 696 1678 694 1678 690 1680 677 1685 672 1680 668 1677 668 1676 667 1676 666 1676 664 1676 663 1676 653 1680 644 1684 638 1680 638 1678 637 1678 635 1678 634 1678 624 1680 582 1685 565 1678 561 1677 560 1677 558 1677 557 1677 556 1677 554 1678 547 1684 541 1678 530 1669 528 1669 527 1669 482 1669 480 1669 479 1669 477 1669 465 1678 453 1687 442 1687 432 1677 424 1670 424 1669 422 1669 421 1669 420 1669 329 1676 330 1725"/></Shape>
	    <String CONTENT="Elle eſcoutoit mieux ſa feinte oraiſon."
                    HPOS="329"
                    VPOS="1667"
                    WIDTH="865"
                    HEIGHT="84"
                    WC="0.986170077935243"></String>
          </TextLine>

          
          
          <TextLine ID="eSc_line_c42dc3e6"
                    TAGREFS="LT1585"
                    BASELINE="269 1812 439 1805 1157 1805" 
                    HPOS="269"
                    VPOS="1751"
                    WIDTH="888"
                    HEIGHT="81">
            <Shape><Polygon POINTS="271 1790 269 1812 269 1827 406 1818 526 1825 535 1825 536 1825 538 1825 539 1825 558 1818 565 1825 571 1829 571 1831 572 1831 574 1831 575 1832 611 1832 611 1831 612 1831 626 1824 641 1818 661 1824 683 1831 685 1831 686 1831 688 1831 704 1824 711 1821 726 1824 763 1831 764 1832 830 1832 830 1831 832 1831 859 1823 867 1821 873 1823 903 1831 905 1831 906 1831 953 1823 979 1817 986 1821 992 1827 994 1827 995 1827 997 1827 1025 1821 1036 1820 1039 1821 1050 1829 1052 1829 1053 1829 1054 1831 1116 1831 1116 1829 1117 1829 1119 1829 1130 1821 1133 1820 1155 1820 1157 1805 1156 1765 1134 1751 1133 1751 1131 1751 1130 1751 1083 1759 1075 1753 1075 1751 1073 1751 1072 1751 999 1751 998 1751 997 1751 995 1751 977 1765 928 1751 927 1751 925 1751 924 1751 922 1751 903 1766 902 1766 900 1766 829 1758 828 1758 826 1758 797 1766 796 1766 791 1766 747 1765 733 1753 732 1753 730 1753 689 1753 688 1753 686 1753 685 1753 663 1765 589 1765 578 1757 576 1757 575 1757 574 1757 572 1757 546 1766 499 1758 498 1758 497 1758 480 1766 420 1755 418 1755 417 1755 380 1766 332 1755 330 1755 329 1755 328 1755 310 1766 310 1768 278 1768 271 1790"/></Shape>
	    <String CONTENT="Amour en moy vehemente &amp; robuſte"
                    HPOS="269"
                    VPOS="1751"
                    WIDTH="888"
                    HEIGHT="81"
                    WC="0.990011950954795"></String>
          </TextLine>

          
          
          <TextLine ID="eSc_line_b259e6aa"
                    TAGREFS="LT1585"
                    BASELINE="329 1887 1087 1883" 
                    HPOS="328"
                    VPOS="1829"
                    WIDTH="759"
                    HEIGHT="81">
            <Shape><Polygon POINTS="329 1887 329 1905 432 1898 440 1904 446 1909 447 1909 449 1909 450 1910 491 1910 491 1909 493 1909 508 1904 517 1898 605 1898 612 1901 618 1905 619 1905 620 1905 622 1905 623 1905 631 1901 639 1897 712 1899 826 1905 828 1905 891 1897 898 1897 902 1897 947 1906 948 1908 1061 1908 1061 1906 1062 1906 1087 1894 1087 1883 1086 1845 1034 1829 1032 1829 1031 1829 1030 1829 1028 1829 1003 1845 1001 1846 983 1845 913 1840 911 1840 837 1846 822 1847 821 1847 795 1831 793 1831 792 1831 751 1831 749 1831 748 1831 747 1831 722 1847 721 1847 719 1847 601 1842 600 1842 598 1842 574 1849 554 1840 553 1840 552 1840 550 1840 549 1840 549 1842 542 1847 516 1832 515 1832 513 1832 512 1832 464 1843 451 1834 451 1832 450 1832 449 1832 413 1832 412 1832 410 1832 409 1832 394 1845 380 1834 379 1834 377 1834 376 1834 350 1835 348 1835 347 1835 328 1847 329 1887"/></Shape>
	    <String CONTENT="En la ſentant cruellement iniuſte"
                    HPOS="328"
                    VPOS="1829"
                    WIDTH="759"
                    HEIGHT="81"
                    WC="0.984207747560559"></String>
          </TextLine>

          
          
          <TextLine ID="eSc_line_ce73293c"
                    TAGREFS="LT1585"
                    BASELINE="321 1967 1168 1964" 
                    HPOS="319"
                    VPOS="1917"
                    WIDTH="849"
                    HEIGHT="74">
            <Shape><Polygon POINTS="321 1967 321 1979 344 1991 346 1991 347 1991 348 1991 380 1978 383 1976 385 1978 414 1991 416 1991 417 1991 498 1976 504 1976 506 1976 538 1986 539 1986 541 1986 585 1980 593 1987 593 1989 594 1989 596 1989 597 1989 598 1989 618 1979 629 1989 630 1989 631 1989 633 1989 634 1989 653 1979 710 1979 723 1990 725 1990 726 1990 727 1990 729 1990 762 1976 791 1985 792 1985 793 1985 964 1976 979 1989 979 1990 980 1990 981 1990 983 1991 1082 1991 1082 1990 1083 1990 1084 1990 1097 1980 1153 1983 1155 1983 1156 1983 1157 1983 1168 1974 1168 1964 1165 1926 983 1917 981 1917 980 1917 961 1924 950 1927 928 1924 911 1921 910 1921 833 1923 659 1928 633 1923 616 1919 615 1919 613 1919 612 1919 612 1920 609 1923 602 1928 572 1921 560 1920 558 1920 536 1921 469 1928 435 1921 420 1919 418 1919 417 1919 409 1921 390 1928 383 1921 380 1920 380 1919 379 1919 377 1919 376 1919 319 1920 321 1967"/></Shape>
	    <String CONTENT="Feit par courroux mon ame deſpiter:"
                    HPOS="319"
                    VPOS="1917"
                    WIDTH="849"
                    HEIGHT="74"
                    WC="0.97219980273928"></String>
          </TextLine>

          
          
          <TextLine ID="eSc_line_a7814e41"
                    TAGREFS="LT1585"
                    BASELINE="270 2048 1062 2048" 
                    HPOS="270"
                    VPOS="1997"
                    WIDTH="792"
                    HEIGHT="73">
            <Shape><Polygon POINTS="270 2031 270 2048 270 2063 362 2070 363 2070 365 2070 366 2070 366 2068 372 2064 374 2061 417 2061 425 2064 438 2070 439 2070 440 2070 442 2070 443 2070 449 2064 451 2061 460 2064 473 2070 475 2070 476 2070 477 2070 479 2070 484 2066 490 2060 498 2066 502 2067 504 2067 505 2067 516 2066 541 2060 558 2066 571 2070 572 2070 574 2070 575 2070 585 2066 600 2060 671 2067 699 2068 700 2068 701 2068 710 2067 734 2060 753 2067 758 2068 759 2068 760 2068 762 2068 763 2068 764 2067 774 2060 863 2060 885 2068 888 2068 889 2068 891 2070 968 2070 968 2068 969 2068 988 2060 1003 2068 1006 2070 1008 2070 1009 2070 1062 2068 1062 2048 1062 2012 1024 2004 1023 2004 943 2011 819 2004 818 2004 763 2011 742 2002 741 2002 740 2002 738 2002 737 2002 726 2011 683 1997 682 1997 637 1997 635 1997 634 1997 633 1997 633 1998 619 2011 587 2004 586 2004 528 2011 512 2002 510 2002 509 2002 508 2002 473 2011 440 2002 439 2002 438 2002 436 2002 435 2002 422 2011 390 1997 388 1997 387 1997 329 2005 287 1997 285 1997 284 1997 282 1997 273 2004 270 2031"/></Shape>
	    <String CONTENT="Et fut mon ire allumee contrainte,"
                    HPOS="270"
                    VPOS="1997"
                    WIDTH="792"
                    HEIGHT="73"
                    WC="0.983522204791798"></String>
          </TextLine>

          
          
          <TextLine ID="eSc_line_86b41ffb"
                    TAGREFS="LT1585"
                    BASELINE="333 2127 1252 2123" 
                    HPOS="332"
                    VPOS="2068"
                    WIDTH="920"
                    HEIGHT="85">
            <Shape><Polygon POINTS="1245 2083 1220 2077 1219 2077 1218 2077 1216 2077 1194 2085 1120 2082 1101 2068 1100 2068 1098 2068 1046 2068 1045 2068 1043 2068 1042 2068 1014 2085 1013 2086 865 2086 862 2083 847 2071 847 2070 845 2070 844 2070 843 2070 822 2071 821 2071 819 2071 819 2072 806 2083 803 2087 758 2087 753 2083 745 2077 745 2075 744 2075 742 2075 741 2075 740 2075 738 2075 729 2083 725 2087 678 2087 672 2083 663 2075 661 2075 660 2075 659 2075 657 2075 656 2075 644 2083 637 2087 609 2087 598 2083 565 2071 564 2071 509 2071 508 2071 506 2071 505 2071 505 2072 497 2079 487 2072 487 2071 486 2071 484 2071 432 2071 431 2071 429 2071 403 2082 396 2085 391 2082 373 2071 372 2071 370 2071 369 2071 368 2071 332 2081 333 2127 333 2145 541 2153 542 2153 543 2153 545 2153 558 2144 561 2144 633 2144 634 2144 642 2151 644 2151 645 2151 646 2151 648 2151 661 2144 666 2142 762 2142 764 2142 775 2152 777 2152 778 2152 780 2153 887 2153 887 2152 942 2142 950 2141 965 2141 1078 2151 1079 2151 1080 2151 1101 2141 1130 2151 1131 2151 1133 2151 1134 2151 1135 2151 1149 2142 1227 2151 1229 2151 1230 2151 1252 2140 1252 2123 1251 2097 1245 2083"/></Shape>
	    <String CONTENT="De blaſphemer cent fois, contre la Sainte"
                    HPOS="332"
                    VPOS="2068"
                    WIDTH="920"
                    HEIGHT="85"></String>
          </TextLine>

          
          
          <TextLine ID="eSc_line_752a88dd"
                    TAGREFS="LT1585"
                    BASELINE="335 2208 1105 2208" 
                    HPOS="335"
                    VPOS="2153"
                    WIDTH="770"
                    HEIGHT="96">
            <Shape><Polygon POINTS="335 2208 335 2226 504 2234 505 2234 569 2229 585 2228 591 2229 675 2248 677 2249 788 2249 788 2248 789 2248 791 2248 791 2247 802 2239 841 2248 843 2248 844 2248 867 2236 913 2248 914 2248 916 2248 917 2248 918 2248 940 2234 959 2248 961 2248 962 2248 964 2249 1024 2249 1024 2248 1025 2248 1073 2232 1087 2228 1102 2232 1105 2208 1105 2168 1035 2168 1032 2167 1012 2153 1010 2153 1009 2153 1008 2153 1006 2153 1005 2153 986 2166 983 2167 962 2167 961 2166 950 2155 950 2153 948 2153 947 2153 946 2153 944 2153 916 2164 910 2167 909 2164 896 2155 896 2153 895 2153 894 2153 872 2153 870 2153 869 2153 867 2153 855 2164 852 2167 844 2163 817 2153 815 2153 775 2153 774 2153 773 2153 771 2153 759 2162 752 2167 744 2162 732 2153 730 2153 729 2153 703 2153 701 2153 700 2153 699 2153 699 2155 692 2162 685 2168 578 2168 568 2159 563 2155 563 2153 561 2153 560 2153 558 2153 530 2159 484 2167 422 2159 421 2159 420 2159 396 2167 385 2156 384 2156 384 2155 383 2155 381 2155 380 2155 335 2155 335 2208"/></Shape>
	    <String CONTENT="Portant le nom du filz de Iupiter."
                    HPOS="335"
                    VPOS="2153"
                    WIDTH="770"
                    HEIGHT="96"
                    WC="0.971635047127219"></String>
          </TextLine>

          
        </TextBlock>
        
        <TextBlock HPOS="1352"
                   VPOS="2216"
                   WIDTH="65"
                   HEIGHT="61"
                   ID="eSc_textblock_f2ddcc71"
                   TAGREFS="BT4975">
          <Shape><Polygon POINTS="1417 2277 1417 2216 1352 2216 1352 2277"/></Shape>
          
          
          <TextLine ID="eSc_line_8b386d3a"
                    TAGREFS="LT1585"
                    BASELINE="1363 2266 1414 2262" 
                    HPOS="1359"
                    VPOS="2212"
                    WIDTH="55"
                    HEIGHT="81">
            <Shape><Polygon POINTS="1400 2218 1387 2215 1371 2212 1359 2218 1363 2266 1365 2289 1414 2293 1414 2262 1410 2221 1400 2218"/></Shape>
	    <String CONTENT="De"
                    HPOS="1359"
                    VPOS="2212"
                    WIDTH="55"
                    HEIGHT="81"
                    WC="0.998353213071823"></String>
          </TextLine>

          
        </TextBlock>
        

        
      </PrintSpace>
    </Page>
  </Layout>
</alto>
