1529 2492
124 49 1031 92 DE PLVS GRAND TRAVAIL.

1297 55 63 93 59

396 145 397 76 De ſon amour.

73 249 957 94 I'ayme ma Sainte en tout bien & honneur,

69 333 903 93 Et ne pretends rien, ſinon qu'elle m'ayme:

72 409 846 90 Ie ne veuil point auoir d’autre bonheur

72 495 843 87 Pour ſatisfaire à mon amour extreme:

72 571 883 94 Mais ſi vn autre eſt aymé d’elle meſme,

74 652 924 96 Et peult au bien que ie n'eſpere atteindre,

74 735 970 92 Vien t'en, ô Mort, ſoudain ma vie eſteindre,

76 820 714 93 Car de regret ie languiray außi:

76 901 921 88 Ie crains cela, & ce qui me fait craindre,

80 980 813 98 Eſt que ſouuent Amour ſe ioue ainſi.

275 1139 762 77 A ſa Sainte. vers Alexandrins.

84 1270 1109 95 Au temps preſent Amour en deux ſortes ſe prend,

84 1353 1046 86 En lune Dieu l'ordonne, en l’autre il le reprend:

83 1441 1033 72 Pource vous aduertir ma Sainte ie veux bien,

85 1522 1187 81 De quelle amour s’enflãme enuers vous le cœur mien.

87 1608 1005 80 Celle grande vertu, qu'en vous ie voy reluire,

84 1682 841 84 La ſeule occaſion ha eſté, de m'induire

85 1767 1079 85 A vous parfaitement aymer, d'une amour forte,

87 1846 943 86 Amour, dont, ſi ie puis, ie vay dire la ſorte.

90 1927 1192 84 Mon corps n'eſt amoureux de voſtre chair, Madame,

91 2008 1090 90 C'eſt mon eſprit qui eſt amoureux de voſtre ame:

90 2091 972 86 Il eſt vray que l’eſpris, par naturelz accords

94 2172 896 101 En tout fait eſtre à ſoy obeïſſant le corps:

1148 2253 148 81 Mais
