1475 2471
208 50 72 92 60

568 49 408 80 REPOS

307 135 1048 105 Mais l’eſprit ne voulant qu’à la vertu entendre,

306 222 1056 99 Fait que le corps ne puiſſe autre choſe pretendre.

306 300 1090 102 S’il vous plaiſt donq, au corps l’eſprit commandera

309 385 957 98 Qui ſa vie pour vous cent fois hazardera,

303 465 1108 103 Et quand, pour vous, par mort ſeroit ma vie efteinte,

306 547 1071 96 O qu’heureux ie ſerois de mourir pour ma Sainte!

302 627 1042 104 Laquelle i'attendrois es haults cieux, pour ainſi

300 709 887 98 L'adorer ſaintement comme ie fais icy.

615 816 338 91 De ſon deſir.

293 919 818 96 Ie ne veuil pas qu'elle ſoit en eſmoy

288 1002 884 94 Tel que celuy ou mon ame eſt douteuſe:

288 1085 880 92 Ie ne veuil pas qu'elle ſoit comme moy

288 1165 883 95 En feu ardent, & flamme impetueuſe:

291 1243 861 102 Car, las, aſſez ſeroit ma vie heureuſe,

287 1327 981 96 Et me ſeroit doux,Amour, ton traict roide,

287 1408 803 93 Si en froideur elle eſtoit amoureuſe

291 1492 1002 101 Ny plus ny moins qu'en amour elle eſt froide.

652 1632 475 81 De ce nom Sainte.

789 1728 183 70 Sonet.

271 1827 866 86 Au nom de Sainte vne Dame ie cele,

332 1904 880 98 Dont nul ne peult prendre admiration,

336 1985 839 99 En congnoiſſant la grand' perfection

333 2068 819 94 De ſainteté qui la rend immortelle.

271 2145 804 114 Merueille n'eſt außi ſi ie m'appelle

1297 2236 114 88 Humb
