1477 2461
118 2 31 121 8

434 24 398 70 REPOS

246 108 927 95 Me contraingnit estre ſeruiteur d’elle.

185 185 837 98 En la ſeruant d’une affection belle,

246 270 868 95 Voicy, amour en fureur chaleureuſe

242 355 973 94 Vint commander à mon ame amoureuſe,

240 433 912 93 De ladorer comme ſainte immortelle.

179 515 783 85 Ainſi deuot ma Sainte i’adorois:

242 594 860 92 Ou bien plus toſt par dulie honorois:

237 680 1070 97 Mais ceſt Amour, qui mon ame ha meurtrie,

177 758 850 92 Voudroit (ie croy) que ma deuotion

235 838 696 90 Montaſt encor à l’adoration

231 922 891 102 Beaucoup plus haulte appellee latrie.

404 1021 409 75 A celle meſme.

164 1100 1013 103 I'auois parfait le cours de quatre lustres

160 1186 1003 100 Souz le pouuoir de la Lune & Mercure,

157 1275 979 92 Lors que Venus par ſes chaleurs illustres

157 1357 898 85 Crea en moy d’amour premiere cure.

155 1432 963 99 D'amour ie dy, qui fait au cœur bleſſure

155 1516 918 95 Par l’œil voyant ta beauté corporelle:

153 1601 1002 90 Mais maintenant, que ma veüe internelle

153 1680 1086 105 Pour contempler l’eſprit ton corps tranſperce:

150 1758 852 97 En ta vertu, ſus toutes vertus belle,

150 1844 956 93 L’œil amoureux de mon Ame i'exerce.

375 1944 373 110 A M. Sceue.

146 2054 864 100 Le meſme Dieu, Sceue, qui te bleſſa,

143 2136 929 106 Et naistre en toy feit haulte inuention,

1265 2229 77 72 De
