<?xml version="1.0" encoding="UTF-8"?>
<alto xmlns:xsi="http://www.w3.org/2001/XMLSchema-instance"
      xmlns="http://www.loc.gov/standards/alto/ns-v4#"
      xsi:schemaLocation="http://www.loc.gov/standards/alto/ns-v4# http://www.loc.gov/standards/alto/v4/alto-4-2.xsd">
  <Description>
    <MeasurementUnit>pixel</MeasurementUnit>
    <sourceImageInformation>
      <fileName>9.jpg</fileName>
      
    </sourceImageInformation>
  </Description>
  
  <Tags>
    <OtherTag ID="BT4980" LABEL="TitlePageZone" DESCRIPTION="block type TitlePageZone"/><OtherTag ID="BT4979" LABEL="TableZone" DESCRIPTION="block type TableZone"/><OtherTag ID="BT4978" LABEL="StampZone" DESCRIPTION="block type StampZone"/><OtherTag ID="BT4977" LABEL="SealZone" DESCRIPTION="block type SealZone"/><OtherTag ID="BT4976" LABEL="RunningTitleZone" DESCRIPTION="block type RunningTitleZone"/><OtherTag ID="BT4975" LABEL="QuireMarksZone" DESCRIPTION="block type QuireMarksZone"/><OtherTag ID="BT4974" LABEL="NumberingZone" DESCRIPTION="block type NumberingZone"/><OtherTag ID="BT4973" LABEL="MusicZone" DESCRIPTION="block type MusicZone"/><OtherTag ID="BT4972" LABEL="MarginTextZone" DESCRIPTION="block type MarginTextZone"/><OtherTag ID="BT4971" LABEL="MainZone" DESCRIPTION="block type MainZone"/><OtherTag ID="BT4970" LABEL="DropCapitalZone" DESCRIPTION="block type DropCapitalZone"/><OtherTag ID="BT4969" LABEL="DigitizationArtefactZone" DESCRIPTION="block type DigitizationArtefactZone"/><OtherTag ID="BT4968" LABEL="GraphicZone" DESCRIPTION="block type GraphicZone"/><OtherTag ID="BT4967" LABEL="DamageZone" DESCRIPTION="block type DamageZone"/><OtherTag ID="BT4966" LABEL="CustomZone" DESCRIPTION="block type CustomZone"/>
    <OtherTag ID="LT1589" LABEL="MusicLine" DESCRIPTION="line type MusicLine"/><OtherTag ID="LT1588" LABEL="InterlinearLine" DESCRIPTION="line type InterlinearLine"/><OtherTag ID="LT1587" LABEL="HeadingLine" DESCRIPTION="line type HeadingLine"/><OtherTag ID="LT1586" LABEL="DropCapitalLine" DESCRIPTION="line type DropCapitalLine"/><OtherTag ID="LT1585" LABEL="DefaultLine" DESCRIPTION="line type DefaultLine"/><OtherTag ID="LT1584" LABEL="CustomLine" DESCRIPTION="line type CustomLine"/>
  </Tags>
  
  <Layout>
    <Page WIDTH="1524"
          HEIGHT="2492"
          PHYSICAL_IMG_NR="8"
          ID="eSc_dummypage_">
      <PrintSpace HPOS="0"
                  VPOS="0"
                  WIDTH="1524"
                  HEIGHT="2492">
        
        <TextBlock HPOS="63"
                   VPOS="38"
                   WIDTH="1078"
                   HEIGHT="78"
                   ID="block_1"
                   TAGREFS="BT4976">
          <Shape><Polygon POINTS="1141 38 1141 116 63 116 63 38"/></Shape>
          
          
          <TextLine ID="eSc_line_44dd3e00"
                    TAGREFS="LT1587"
                    BASELINE="90 102 577 91 1116 95" 
                    HPOS="88"
                    VPOS="35"
                    WIDTH="1028"
                    HEIGHT="79">
            <Shape><Polygon POINTS="1091 48 955 48 954 48 942 38 940 38 939 38 937 38 936 38 921 44 893 37 892 37 882 35 857 47 843 37 842 37 840 37 781 35 780 35 778 35 777 35 755 49 752 49 577 37 576 37 574 37 573 37 561 48 530 38 529 38 527 38 403 51 383 38 382 38 381 38 326 38 325 38 227 52 142 42 141 42 94 52 88 66 90 102 90 114 1115 107 1116 95 1108 56 1100 52"/></Shape>
	    <String CONTENT="DE PLVS GRAND TRAVAIL."
                    HPOS="88"
                    VPOS="35"
                    WIDTH="1028"
                    HEIGHT="79"
                    WC="0.991093827919526"></String>
          </TextLine>

          
        </TextBlock>
        
        <TextBlock HPOS="1236"
                   VPOS="72"
                   WIDTH="69"
                   HEIGHT="62"
                   ID="eSc_textblock_2dc1516e"
                   TAGREFS="BT4974">
          <Shape><Polygon POINTS="1236 72 1236 134 1305 134 1305 72"/></Shape>
          
          
          <TextLine ID="eSc_line_80d6ea1d"
                    TAGREFS="LT1585"
                    BASELINE="1253 115 1293 116" 
                    HPOS="1251"
                    VPOS="41"
                    WIDTH="40"
                    HEIGHT="96">
            <Shape><Polygon POINTS="1251 114 1251 137 1291 137 1291 114 1286 41 1251 56 1251 114"/></Shape>
	    <String CONTENT="9"
                    HPOS="1251"
                    VPOS="41"
                    WIDTH="40"
                    HEIGHT="96"
                    WC="0.994950532913208"></String>
          </TextLine>

          
        </TextBlock>
        
        <TextBlock HPOS="23"
                   VPOS="119"
                   WIDTH="1129"
                   HEIGHT="2154"
                   ID="block_0"
                   TAGREFS="BT4971">
          <Shape><Polygon POINTS="1152 119 1139 1419 968 2263 23 2273 23 119"/></Shape>
          
          
          <TextLine ID="eSc_line_71ca2e7b"
                    TAGREFS="LT1585"
                    BASELINE="37 202 428 189 940 189" 
                    HPOS="36"
                    VPOS="130"
                    WIDTH="904"
                    HEIGHT="92">
            <Shape><Polygon POINTS="37 202 37 220 88 218 90 218 91 218 105 207 138 218 152 222 153 222 155 222 223 217 224 215 225 215 227 215 227 214 238 206 268 213 270 213 271 213 272 213 272 211 281 204 338 214 351 215 353 215 354 215 356 215 356 214 357 213 365 204 405 203 454 211 466 213 468 213 469 213 475 211 494 203 580 209 591 209 592 209 601 209 653 200 667 206 687 215 688 215 689 217 743 217 743 215 817 213 818 213 853 203 861 200 868 202 908 213 910 213 911 213 913 213 940 200 940 189 937 135 889 143 876 137 874 134 872 134 871 134 870 134 868 134 867 134 864 137 858 141 817 141 807 138 774 130 773 130 720 139 687 146 660 141 619 132 617 132 616 132 615 132 602 142 595 149 518 149 511 145 493 134 491 134 490 134 489 134 429 141 390 134 389 134 333 139 332 139 331 139 320 149 317 150 313 149 281 143 279 143 278 143 277 143 266 150 263 152 257 150 192 137 191 137 189 137 188 137 166 153 84 153 54 145 52 145 51 145 49 145 48 145 36 152 37 202"/></Shape>
	    <String CONTENT="De meſme traict mon ame tranſperca:"
                    HPOS="36"
                    VPOS="130"
                    WIDTH="904"
                    HEIGHT="92"
                    WC="0.992098896844047"></String>
          </TextLine>

          
          
          <TextLine ID="eSc_line_9c45cc5f"
                    TAGREFS="LT1585"
                    BASELINE="36 282 426 271 874 268" 
                    HPOS="34"
                    VPOS="217"
                    WIDTH="840"
                    HEIGHT="83">
            <Shape><Polygon POINTS="36 282 36 299 218 290 246 297 261 300 263 300 264 300 266 300 266 299 268 297 274 290 289 296 295 299 296 299 297 299 299 299 306 296 328 289 360 296 364 296 365 297 436 297 436 296 437 296 439 296 440 294 450 287 465 294 469 296 471 296 472 296 473 296 479 294 493 289 523 293 540 296 541 296 543 296 550 293 570 286 872 289 874 268 871 229 824 218 822 218 821 218 820 218 820 220 809 229 807 229 734 224 732 224 731 224 707 231 689 220 688 220 687 220 685 220 684 220 669 225 648 217 647 217 645 217 644 217 610 232 562 218 561 218 559 218 501 232 486 220 484 220 483 220 482 220 461 221 459 221 458 221 440 235 439 235 421 235 400 235 375 222 374 222 372 222 371 222 332 236 331 236 329 236 299 222 297 222 296 222 216 238 214 238 213 238 182 229 181 229 180 229 178 229 177 229 166 239 164 239 163 239 151 233 149 233 148 233 105 239 92 240 90 239 62 228 60 228 59 228 58 228 34 238 36 282"/></Shape>
	    <String CONTENT="Pource ie chante à meſme intention."
                    HPOS="34"
                    VPOS="217"
                    WIDTH="840"
                    HEIGHT="83"
                    WC="0.991704177525308"></String>
          </TextLine>

          
          
          <TextLine ID="eSc_line_6738a80a"
                    TAGREFS="LT1585"
                    BASELINE="36 362 349 353 829 350" 
                    HPOS="34"
                    VPOS="293"
                    WIDTH="795"
                    HEIGHT="96">
            <Shape><Polygon POINTS="36 362 36 372 239 389 241 389 242 389 243 389 243 387 257 373 342 387 343 387 344 387 346 387 367 372 371 368 476 368 489 371 522 382 523 382 525 382 526 382 550 371 559 366 595 369 595 371 608 382 608 383 609 383 610 383 612 384 658 384 658 383 659 383 698 371 706 368 739 368 745 371 760 380 762 380 763 380 764 380 829 369 829 350 827 310 764 294 763 294 762 294 750 300 743 293 742 293 741 293 660 293 659 293 658 293 624 311 547 305 545 305 544 305 543 305 543 307 536 314 432 314 422 305 422 304 421 304 419 304 354 297 353 297 351 297 350 297 320 315 272 307 271 307 270 307 268 307 254 315 174 315 114 301 113 301 112 301 110 301 110 303 101 311 76 304 74 304 73 304 72 304 34 318 36 362"/></Shape>
	    <String CONTENT="Le danger meſme à mon affection"
                    HPOS="34"
                    VPOS="293"
                    WIDTH="795"
                    HEIGHT="96"
                    WC="0.988252846524119"></String>
          </TextLine>

          
          
          <TextLine ID="eSc_line_b90c4862"
                    TAGREFS="LT1585"
                    BASELINE="37 440 436 433 883 434" 
                    HPOS="36"
                    VPOS="379"
                    WIDTH="847"
                    HEIGHT="88">
            <Shape><Polygon POINTS="37 440 37 458 48 466 49 466 51 466 52 467 174 467 174 466 175 466 199 455 207 451 231 455 264 461 266 461 300 455 326 451 349 455 378 461 379 461 381 461 382 461 382 459 387 455 393 449 422 455 446 459 447 459 448 459 458 455 468 451 479 455 494 461 495 461 497 461 498 461 500 461 500 459 504 455 512 448 633 448 651 455 658 458 659 458 660 458 678 455 724 448 735 455 745 462 746 462 748 462 749 462 882 455 883 434 882 391 854 379 853 379 778 379 777 379 775 379 752 391 727 382 725 382 724 382 723 382 721 382 709 393 667 383 666 383 665 383 663 383 663 384 653 393 583 386 581 386 580 386 561 391 551 383 550 383 548 383 547 383 498 394 288 382 286 382 285 382 284 382 264 395 181 389 180 389 121 395 108 384 108 383 106 383 105 383 85 383 84 383 83 383 36 397 37 440"/></Shape>
	    <String CONTENT="Eſt, qui rendit la tienne tant confuſe:"
                    HPOS="36"
                    VPOS="379"
                    WIDTH="847"
                    HEIGHT="88"
                    WC="0.964103030852782"></String>
          </TextLine>

          
          
          <TextLine ID="eSc_line_a44dcf8f"
                    TAGREFS="LT1585"
                    BASELINE="37 520 918 516" 
                    HPOS="36"
                    VPOS="465"
                    WIDTH="882"
                    HEIGHT="80">
            <Shape><Polygon POINTS="37 520 37 535 164 533 177 537 196 544 198 544 199 544 200 544 202 544 202 542 209 537 213 533 245 533 254 537 267 544 268 544 270 545 302 545 302 544 303 544 304 544 304 542 311 537 315 534 343 538 382 542 383 542 385 542 386 542 393 538 401 533 473 531 484 538 490 542 491 542 493 542 494 544 532 544 532 542 550 538 581 531 637 538 655 541 656 541 685 539 785 531 822 539 831 541 832 541 843 539 883 534 917 539 918 516 915 467 860 465 858 465 857 465 856 465 853 467 840 479 669 479 656 470 653 467 652 467 651 467 649 467 634 470 587 479 550 470 544 470 543 470 536 472 505 477 489 472 480 469 479 469 477 469 435 472 356 479 346 473 332 466 331 466 329 466 328 466 302 473 278 480 271 474 267 470 266 470 264 470 263 470 241 474 211 480 198 474 181 467 180 467 178 467 36 476 37 520"/></Shape>
	    <String CONTENT="Et là loy meſme, auecques toy, i&#x27;accuſe,"
                    HPOS="36"
                    VPOS="465"
                    WIDTH="882"
                    HEIGHT="80"></String>
          </TextLine>

          
          
          <TextLine ID="eSc_line_ad4c1eec"
                    TAGREFS="LT1585"
                    BASELINE="41 605 289 598 1039 598" 
                    HPOS="40"
                    VPOS="542"
                    WIDTH="999"
                    HEIGHT="82">
            <Shape><Polygon POINTS="1023 563 1011 557 996 557 976 545 975 545 973 545 972 545 971 545 969 545 950 557 917 551 915 551 843 557 834 557 832 557 814 549 813 549 811 549 810 549 795 557 793 557 789 557 764 551 763 551 762 551 760 551 759 551 752 556 750 559 681 559 678 556 660 542 659 542 658 542 556 542 555 542 554 542 529 552 507 544 505 544 471 544 469 544 468 544 466 544 458 551 450 544 448 544 447 544 400 544 399 544 397 544 356 555 349 556 340 555 304 544 303 544 302 544 300 544 281 553 271 560 191 560 180 553 159 544 157 544 156 544 155 544 135 553 123 559 40 553 41 605 41 617 110 624 112 624 113 624 126 618 134 614 148 618 156 620 157 620 159 620 182 618 234 613 243 618 250 621 252 621 253 621 289 618 344 613 364 618 385 624 386 624 387 624 422 618 432 617 443 618 476 624 477 624 479 624 480 624 487 618 494 613 552 618 598 623 599 623 601 623 602 623 606 618 612 613 702 611 725 618 738 623 739 623 741 623 742 623 743 623 743 621 748 618 755 613 786 618 795 620 796 620 806 618 849 611 882 618 900 623 901 623 1037 618 1039 598 1033 567 1023 563"/></Shape>
	    <String CONTENT="Qui de monstrer, defend, ſi bien on m&#x27;ayme:"
                    HPOS="40"
                    VPOS="542"
                    WIDTH="999"
                    HEIGHT="82"
                    WC="0.980570083440736"></String>
          </TextLine>

          
          
          <TextLine ID="eSc_line_14fd866a"
                    TAGREFS="LT1585"
                    BASELINE="36 683 1068 679" 
                    HPOS="34"
                    VPOS="625"
                    WIDTH="1034"
                    HEIGHT="86">
            <Shape><Polygon POINTS="1064 625 1015 625 1014 625 1012 625 1011 625 989 635 975 625 973 625 972 625 913 625 911 625 910 625 908 625 907 627 890 639 831 628 813 625 811 625 810 625 809 625 804 628 785 639 764 632 763 632 762 632 720 640 615 634 613 634 555 639 543 632 532 627 530 627 529 627 412 629 411 629 393 635 365 642 324 635 317 635 315 635 308 636 279 642 272 636 267 632 266 632 264 632 263 632 261 632 260 632 254 636 246 643 117 643 109 639 90 631 88 631 87 631 34 639 36 683 36 697 59 707 60 707 62 707 63 707 90 699 224 699 227 699 242 711 243 711 245 711 246 711 350 703 362 711 364 711 365 711 367 711 414 703 476 710 477 710 479 710 498 701 509 697 545 701 604 710 605 710 641 703 651 701 662 703 706 710 707 710 709 710 725 703 746 696 770 696 781 704 786 708 788 708 789 708 791 708 792 708 806 704 831 696 863 704 864 704 865 704 867 704 915 699 933 706 935 706 936 706 937 706 939 706 940 706 950 697 976 706 986 708 987 708 989 708 1066 706 1068 679 1065 629 1064 625"/></Shape>
	    <String CONTENT="Mais ie n&#x27;ay pas meſme art, ny meſme Muſe,"
                    HPOS="34"
                    VPOS="625"
                    WIDTH="1034"
                    HEIGHT="86"
                    WC="0.987583552088056"></String>
          </TextLine>

          
          
          <TextLine ID="eSc_line_11897467"
                    TAGREFS="LT1585"
                    BASELINE="33 764 975 758" 
                    HPOS="31"
                    VPOS="703"
                    WIDTH="944"
                    HEIGHT="91">
            <Shape><Polygon POINTS="33 764 33 779 159 787 160 787 162 787 182 779 184 779 187 779 252 786 253 786 322 779 378 793 379 793 381 794 462 794 462 793 532 776 537 776 601 776 602 776 634 787 635 787 637 787 678 780 706 790 707 790 709 790 763 778 791 790 792 790 793 791 879 791 879 790 973 773 975 758 972 715 907 703 906 703 845 714 829 717 814 714 752 703 750 703 749 703 716 714 702 718 659 718 652 714 638 704 637 704 635 704 601 704 599 704 598 704 580 714 570 719 507 719 500 714 490 706 489 706 487 706 486 706 451 712 446 714 444 712 433 706 432 706 430 706 429 706 428 706 412 712 399 721 267 721 254 712 247 707 246 707 245 707 216 707 214 707 213 707 211 707 211 708 206 712 198 719 185 712 178 707 177 707 175 707 174 707 173 707 163 712 146 721 31 712 33 764"/></Shape>
	    <String CONTENT="Pour declarer mon feu ardent de meſme."
                    HPOS="31"
                    VPOS="703"
                    WIDTH="944"
                    HEIGHT="91"
                    WC="0.991046803562265"></String>
          </TextLine>

          
          
          <TextLine ID="eSc_line_30775084"
                    TAGREFS="LT1587"
                    BASELINE="223 892 818 888" 
                    HPOS="221"
                    VPOS="833"
                    WIDTH="597"
                    HEIGHT="79">
            <Shape><Polygon POINTS="223 912 289 905 386 910 418 912 419 912 421 912 422 912 425 909 436 904 522 908 588 910 590 910 591 910 606 906 620 902 638 905 662 909 663 909 817 901 818 888 816 851 698 851 694 848 666 833 665 833 663 833 605 836 604 836 602 836 602 837 591 847 588 851 581 847 556 834 555 834 554 834 552 834 551 834 534 847 526 852 444 852 436 845 423 834 422 834 421 834 419 834 418 834 387 844 362 854 340 854 329 844 321 836 320 836 318 836 317 836 221 841 223 892"/></Shape>
	    <String CONTENT="A l’autheur des Erreurs"
                    HPOS="221"
                    VPOS="833"
                    WIDTH="597"
                    HEIGHT="79"
                    WC="0.952279293018839"></String>
          </TextLine>

          
          
          <TextLine ID="eSc_line_e6146a92"
                    TAGREFS="LT1587"
                    BASELINE="360 966 678 962" 
                    HPOS="358"
                    VPOS="916"
                    WIDTH="320"
                    HEIGHT="68">
            <Shape><Polygon POINTS="360 980 570 984 572 984 678 974 678 962 676 927 599 916 598 916 464 928 421 919 419 919 358 930 360 966"/></Shape>
	    <String CONTENT="amoureuſes."
                    HPOS="358"
                    VPOS="916"
                    WIDTH="320"
                    HEIGHT="68"
                    WC="0.999624106017026"></String>
          </TextLine>

          
          
          <TextLine ID="eSc_line_74fdeb4b"
                    TAGREFS="LT1587"
                    BASELINE="448 1074 633 1070" 
                    HPOS="446"
                    VPOS="1018"
                    WIDTH="187"
                    HEIGHT="71">
            <Shape><Polygon POINTS="448 1085 569 1089 570 1089 572 1089 573 1089 573 1088 580 1082 608 1088 609 1088 610 1088 633 1079 633 1070 630 1034 606 1034 586 1018 584 1018 583 1018 581 1018 580 1018 547 1034 526 1020 525 1020 523 1020 522 1020 520 1020 505 1027 464 1018 462 1018 461 1018 459 1018 446 1030 448 1074"/></Shape>
	    <String CONTENT="Sonet."
                    HPOS="446"
                    VPOS="1018"
                    WIDTH="187"
                    HEIGHT="71"
                    WC="0.995735178391139"></String>
          </TextLine>

          
          
          <TextLine ID="eSc_line_3b96e4de"
                    TAGREFS="LT1585"
                    BASELINE="40 1175 942 1169" 
                    HPOS="38"
                    VPOS="1120"
                    WIDTH="904"
                    HEIGHT="81">
            <Shape><Polygon POINTS="939 1133 925 1132 911 1131 897 1129 883 1129 870 1128 856 1126 846 1125 842 1129 840 1131 836 1129 818 1124 814 1124 807 1122 792 1131 789 1132 714 1132 713 1131 681 1120 680 1120 678 1120 677 1120 642 1131 630 1120 628 1120 627 1120 626 1120 563 1126 522 1120 520 1120 519 1120 518 1120 502 1129 462 1121 461 1121 459 1121 415 1132 308 1124 307 1124 306 1124 304 1124 292 1135 151 1135 65 1122 52 1129 38 1136 40 1175 40 1193 116 1190 127 1194 141 1201 142 1201 144 1201 145 1201 164 1194 180 1189 321 1189 342 1194 351 1197 353 1197 354 1197 356 1197 365 1194 383 1189 389 1194 394 1198 394 1200 396 1200 397 1200 399 1201 457 1201 457 1200 458 1200 472 1194 490 1187 519 1194 540 1198 541 1200 572 1200 572 1198 573 1198 574 1198 580 1194 587 1189 609 1194 619 1196 620 1196 622 1196 623 1196 624 1194 634 1187 666 1194 688 1198 689 1198 717 1194 746 1189 759 1194 767 1197 768 1197 770 1197 942 1193 942 1169 939 1133 939 1133"/></Shape>
	    <String CONTENT="Mes yeux errans, &amp; deſirans acquerre"
                    HPOS="38"
                    VPOS="1120"
                    WIDTH="904"
                    HEIGHT="81"
                    WC="0.995930615398619"></String>
          </TextLine>

          
          
          <TextLine ID="eSc_line_d6b9c0eb"
                    TAGREFS="LT1585"
                    BASELINE="77 1258 955 1250" 
                    HPOS="76"
                    VPOS="1197"
                    WIDTH="879"
                    HEIGHT="84">
            <Shape><Polygon POINTS="77 1258 77 1272 160 1270 167 1272 193 1280 195 1280 196 1280 198 1280 220 1272 227 1269 270 1272 354 1276 356 1276 407 1270 432 1268 435 1270 444 1279 444 1280 446 1280 447 1280 448 1281 515 1281 515 1280 516 1280 518 1280 534 1269 541 1266 570 1266 577 1269 592 1279 594 1279 595 1279 597 1279 598 1279 633 1269 642 1266 653 1269 691 1277 692 1279 767 1279 767 1277 768 1277 770 1277 770 1276 777 1270 824 1276 825 1276 827 1276 843 1268 885 1276 886 1276 888 1276 904 1266 911 1263 917 1266 932 1275 933 1275 935 1275 936 1275 955 1266 955 1250 950 1197 904 1214 885 1207 883 1207 882 1207 881 1207 879 1207 867 1214 798 1214 763 1203 750 1198 749 1198 748 1198 746 1198 745 1198 745 1200 741 1203 731 1211 705 1205 703 1205 702 1205 659 1218 569 1218 556 1208 545 1200 544 1200 543 1200 541 1200 483 1208 433 1201 432 1201 430 1201 429 1201 417 1212 414 1214 407 1212 374 1208 372 1208 339 1215 322 1218 306 1216 234 1205 232 1205 231 1205 205 1216 184 1204 182 1204 181 1204 141 1204 139 1204 138 1204 137 1204 113 1222 76 1222 77 1258"/></Shape>
	    <String CONTENT="A leur moteur l&#x27;eſprit, contentement:"
                    HPOS="76"
                    VPOS="1197"
                    WIDTH="879"
                    HEIGHT="84"
                    WC="0.983967146357974"></String>
          </TextLine>

          
          
          <TextLine ID="eSc_line_6e86b5f8"
                    TAGREFS="LT1585"
                    BASELINE="78 1337 928 1333" 
                    HPOS="77"
                    VPOS="1284"
                    WIDTH="851"
                    HEIGHT="78">
            <Shape><Polygon POINTS="78 1337 78 1356 239 1351 252 1358 259 1360 260 1360 261 1360 263 1360 264 1360 268 1358 279 1351 364 1358 376 1358 378 1358 379 1358 381 1358 387 1352 394 1358 396 1358 397 1358 399 1358 400 1358 401 1358 401 1356 408 1349 458 1349 473 1358 477 1360 479 1360 480 1360 482 1362 532 1362 532 1360 547 1358 581 1349 590 1358 592 1359 592 1360 594 1360 595 1360 597 1362 634 1362 634 1360 635 1360 637 1360 641 1358 655 1348 670 1358 671 1359 673 1359 674 1359 676 1360 831 1360 831 1359 832 1359 838 1358 871 1348 889 1358 890 1358 892 1358 893 1358 895 1358 908 1349 924 1358 928 1333 925 1298 875 1297 861 1287 860 1287 858 1287 857 1287 856 1287 834 1298 789 1298 775 1286 774 1286 773 1286 665 1284 663 1284 662 1284 634 1299 525 1299 487 1286 486 1286 484 1286 430 1297 399 1286 397 1286 396 1286 394 1286 372 1298 274 1298 249 1287 247 1287 246 1287 245 1287 196 1299 96 1287 95 1287 94 1287 92 1287 77 1298 78 1337"/></Shape>
	    <String CONTENT="En tes erreurs ont prins esbatement"
                    HPOS="77"
                    VPOS="1284"
                    WIDTH="851"
                    HEIGHT="78"
                    WC="0.995666572025844"></String>
          </TextLine>

          
          
          <TextLine ID="eSc_line_645f39ef"
                    TAGREFS="LT1585"
                    BASELINE="80 1419 1108 1410" 
                    HPOS="78"
                    VPOS="1360"
                    WIDTH="1030"
                    HEIGHT="89">
            <Shape><Polygon POINTS="1104 1376 1091 1373 997 1366 996 1366 960 1374 957 1374 943 1374 828 1370 827 1370 781 1376 760 1377 756 1376 730 1360 728 1360 605 1360 604 1360 602 1360 601 1360 601 1362 586 1376 574 1376 534 1380 475 1380 466 1377 437 1367 436 1367 435 1367 433 1367 415 1377 408 1381 378 1381 371 1377 349 1363 347 1363 346 1363 317 1363 315 1363 314 1363 284 1377 278 1380 259 1377 232 1374 231 1374 229 1374 218 1377 206 1381 196 1377 162 1365 160 1365 109 1365 108 1365 106 1365 78 1376 80 1419 80 1439 131 1435 138 1439 148 1448 149 1448 151 1448 152 1449 200 1449 200 1448 202 1448 221 1439 231 1435 242 1439 264 1446 266 1446 267 1448 358 1448 358 1446 404 1438 437 1430 500 1430 508 1437 509 1437 511 1437 512 1437 530 1437 684 1430 705 1435 716 1438 717 1438 719 1438 738 1435 773 1428 796 1434 820 1441 821 1441 822 1441 824 1441 825 1441 836 1434 847 1427 856 1434 857 1435 858 1435 860 1435 861 1435 871 1434 892 1430 904 1434 932 1442 933 1442 935 1442 1014 1441 1015 1441 1016 1441 1030 1432 1036 1430 1106 1431 1108 1410 1105 1376 1104 1376"/></Shape>
	    <String CONTENT="Tel, que ie ſuis content d’ailleurs n&#x27;en querre."
                    HPOS="78"
                    VPOS="1360"
                    WIDTH="1030"
                    HEIGHT="89"
                    WC="0.954078479359547"></String>
          </TextLine>

          
          
          <TextLine ID="eSc_line_5ecf4f27"
                    TAGREFS="LT1585"
                    BASELINE="44 1499 846 1499" 
                    HPOS="44"
                    VPOS="1449"
                    WIDTH="802"
                    HEIGHT="82">
            <Shape><Polygon POINTS="44 1518 70 1513 80 1518 95 1529 96 1529 98 1529 99 1531 169 1531 169 1529 170 1529 192 1518 192 1517 193 1518 200 1522 202 1522 203 1522 205 1522 206 1522 225 1517 245 1513 254 1517 279 1529 281 1529 282 1529 284 1529 285 1529 299 1517 300 1515 304 1517 329 1525 331 1525 332 1525 333 1525 354 1517 358 1514 364 1517 390 1528 392 1528 536 1529 537 1529 584 1524 586 1524 587 1524 598 1514 601 1513 652 1513 655 1514 669 1525 670 1525 671 1525 673 1525 674 1525 676 1525 685 1518 706 1527 707 1527 709 1527 710 1527 753 1513 757 1513 814 1513 816 1513 825 1521 825 1522 827 1522 828 1522 829 1522 831 1522 832 1522 846 1514 846 1499 845 1461 676 1463 644 1457 592 1449 591 1449 590 1449 588 1449 588 1450 581 1457 579 1460 570 1457 562 1453 561 1453 559 1453 538 1456 491 1464 479 1456 472 1449 471 1449 469 1449 429 1449 428 1449 426 1449 425 1449 417 1455 408 1460 401 1455 397 1450 396 1450 394 1450 393 1450 392 1450 383 1455 376 1457 368 1453 356 1449 354 1449 353 1449 351 1449 350 1449 350 1450 346 1453 335 1466 278 1466 245 1452 236 1449 235 1449 198 1449 196 1449 195 1449 193 1449 193 1450 192 1450 181 1460 124 1450 114 1449 113 1449 112 1449 110 1449 110 1450 95 1466 78 1466 45 1449 44 1499 44 1518"/></Shape>
	    <String CONTENT="O Appollon, ô Muſes, quel tonnerre"
                    HPOS="44"
                    VPOS="1449"
                    WIDTH="802"
                    HEIGHT="82"
                    WC="0.991505081312997"></String>
          </TextLine>

          
          
          <TextLine ID="eSc_line_0df35c0c"
                    TAGREFS="LT1585"
                    BASELINE="77 1582 900 1575" 
                    HPOS="76"
                    VPOS="1524"
                    WIDTH="824"
                    HEIGHT="84">
            <Shape><Polygon POINTS="77 1582 77 1596 157 1596 180 1608 181 1608 182 1608 184 1608 185 1608 187 1608 187 1607 198 1597 238 1605 239 1605 241 1605 263 1593 264 1593 290 1593 303 1593 336 1604 338 1604 339 1604 340 1604 361 1593 403 1607 404 1607 405 1607 407 1607 454 1594 468 1605 469 1605 471 1605 472 1607 540 1607 540 1605 541 1605 543 1605 555 1594 597 1592 767 1603 768 1603 770 1603 802 1593 813 1600 814 1600 816 1600 817 1600 899 1587 900 1575 896 1536 762 1540 752 1535 737 1524 735 1524 734 1524 732 1524 689 1533 663 1540 653 1533 641 1525 640 1525 638 1525 604 1525 602 1525 601 1525 599 1525 599 1527 591 1533 583 1543 559 1543 543 1533 533 1527 532 1527 530 1527 529 1527 527 1527 504 1533 489 1538 483 1532 476 1528 476 1527 475 1527 473 1527 425 1527 423 1527 422 1527 410 1532 383 1546 260 1546 199 1532 198 1532 196 1532 195 1532 177 1546 157 1538 156 1538 155 1538 134 1540 120 1531 120 1529 119 1529 117 1529 116 1529 76 1529 77 1582"/></Shape>
	    <String CONTENT="Fera vn iour ceſt eſprit haultement"
                    HPOS="76"
                    VPOS="1524"
                    WIDTH="824"
                    HEIGHT="84"
                    WC="0.972817185946873"></String>
          </TextLine>

          
          
          <TextLine ID="eSc_line_54a85723"
                    TAGREFS="LT1585"
                    BASELINE="77 1661 979 1655" 
                    HPOS="76"
                    VPOS="1601"
                    WIDTH="903"
                    HEIGHT="94">
            <Shape><Polygon POINTS="77 1661 77 1679 127 1679 128 1679 146 1694 148 1694 149 1694 151 1694 152 1694 188 1680 209 1694 210 1694 211 1694 213 1695 252 1695 252 1694 253 1694 281 1680 500 1693 501 1693 550 1682 570 1691 572 1691 573 1693 608 1693 608 1691 609 1691 610 1691 610 1690 623 1680 637 1690 638 1690 640 1690 688 1691 689 1691 691 1691 692 1691 692 1690 706 1679 732 1686 734 1686 735 1686 737 1686 738 1686 752 1675 755 1675 804 1675 806 1675 820 1684 821 1684 822 1684 824 1686 824 1684 825 1684 827 1684 840 1675 842 1675 882 1684 883 1684 885 1684 903 1675 904 1675 978 1675 979 1655 975 1615 955 1617 953 1615 942 1605 942 1604 940 1604 939 1604 937 1604 936 1604 908 1615 897 1618 882 1615 825 1601 753 1601 752 1601 703 1603 702 1603 701 1603 683 1615 674 1621 501 1621 494 1615 491 1612 491 1611 490 1611 489 1611 487 1611 457 1615 410 1621 397 1615 375 1604 374 1604 372 1604 321 1611 320 1611 318 1611 318 1612 314 1615 308 1621 300 1615 285 1605 284 1605 282 1605 281 1605 243 1612 167 1607 166 1607 164 1607 163 1607 152 1615 149 1617 141 1615 102 1605 101 1605 99 1605 76 1614 77 1661"/></Shape>
	    <String CONTENT="En ſon plus droit, puis que ſi doctement"
                    HPOS="76"
                    VPOS="1601"
                    WIDTH="903"
                    HEIGHT="94"
                    WC="0.982212474942207"></String>
          </TextLine>

          
          
          <TextLine ID="eSc_line_b2b539aa"
                    TAGREFS="LT1585"
                    BASELINE="76 1740 890 1743" 
                    HPOS="74"
                    VPOS="1689"
                    WIDTH="816"
                    HEIGHT="80">
            <Shape><Polygon POINTS="76 1740 74 1755 96 1765 98 1765 99 1765 101 1765 102 1765 116 1755 133 1766 134 1766 135 1766 137 1767 263 1767 263 1766 264 1766 266 1766 281 1755 349 1765 350 1765 418 1755 421 1755 422 1755 526 1766 527 1766 573 1756 591 1767 592 1767 594 1767 595 1769 665 1769 665 1767 666 1767 694 1756 766 1763 767 1763 889 1755 890 1743 889 1695 843 1690 842 1690 840 1690 839 1690 839 1691 835 1694 825 1705 793 1707 770 1694 762 1690 760 1690 648 1690 647 1690 645 1690 644 1690 641 1693 623 1707 375 1700 374 1700 331 1705 175 1689 169 1689 167 1689 166 1689 164 1689 135 1705 114 1689 113 1689 112 1689 76 1689 76 1740"/></Shape>
	    <String CONTENT="En ſes Erreurs amoureuſes il erre!"
                    HPOS="74"
                    VPOS="1689"
                    WIDTH="816"
                    HEIGHT="80"
                    WC="0.971903934198267"></String>
          </TextLine>

          
          
          <TextLine ID="eSc_line_4dded0d9"
                    TAGREFS="LT1585"
                    BASELINE="34 1817 257 1826 955 1821" 
                    HPOS="34"
                    VPOS="1765"
                    WIDTH="921"
                    HEIGHT="86">
            <Shape><Polygon POINTS="34 1772 34 1817 34 1837 119 1837 148 1848 149 1848 151 1848 317 1838 353 1849 354 1849 356 1849 419 1837 475 1845 476 1845 559 1838 576 1849 577 1849 579 1849 580 1851 617 1851 617 1849 619 1849 620 1849 631 1841 649 1849 651 1849 652 1849 653 1849 685 1838 698 1848 699 1848 701 1848 743 1849 745 1849 817 1848 818 1848 842 1838 899 1845 900 1845 955 1834 955 1821 954 1777 914 1765 913 1765 864 1765 863 1765 861 1765 860 1765 845 1776 843 1776 840 1776 803 1765 802 1765 800 1765 713 1774 689 1776 667 1773 617 1766 616 1766 580 1772 572 1773 526 1772 403 1766 401 1766 400 1766 392 1770 374 1777 329 1770 328 1770 326 1770 311 1779 151 1779 138 1767 138 1766 137 1766 135 1766 114 1766 113 1766 112 1766 110 1766 95 1777 80 1766 78 1766 77 1766 40 1766 34 1772"/></Shape>
	    <String CONTENT="Voulant ma Muſe à ceste heure eſueiller"
                    HPOS="34"
                    VPOS="1765"
                    WIDTH="921"
                    HEIGHT="86"
                    WC="0.989251451194286"></String>
          </TextLine>

          
          
          <TextLine ID="eSc_line_f883a79f"
                    TAGREFS="LT1585"
                    BASELINE="74 1909 976 1909" 
                    HPOS="74"
                    VPOS="1852"
                    WIDTH="902"
                    HEIGHT="86">
            <Shape><Polygon POINTS="74 1909 74 1924 94 1934 95 1934 96 1934 98 1934 116 1924 137 1931 138 1931 139 1931 141 1931 160 1924 162 1924 217 1931 218 1931 264 1924 271 1924 272 1925 290 1936 292 1936 293 1936 295 1938 379 1938 379 1936 381 1936 396 1928 403 1935 403 1936 404 1936 405 1936 407 1938 464 1938 464 1936 465 1936 466 1936 466 1935 477 1927 498 1931 500 1931 501 1931 502 1931 508 1927 512 1924 522 1927 551 1936 552 1936 554 1938 586 1938 586 1936 587 1936 588 1936 598 1928 604 1924 667 1924 674 1928 681 1934 683 1934 684 1934 685 1934 687 1934 701 1929 714 1924 975 1931 976 1909 976 1867 946 1852 944 1852 864 1852 863 1852 861 1852 860 1852 843 1866 839 1870 813 1871 799 1864 770 1852 768 1852 637 1852 635 1852 613 1853 612 1853 610 1853 601 1862 588 1873 475 1873 453 1862 451 1862 450 1862 448 1862 447 1862 433 1871 338 1864 336 1864 284 1871 263 1863 261 1863 260 1863 182 1871 149 1870 127 1853 126 1853 124 1853 74 1852 74 1909"/></Shape>
	    <String CONTENT="(Pour au repos que ie prens trauailler)"
                    HPOS="74"
                    VPOS="1852"
                    WIDTH="902"
                    HEIGHT="86"
                    WC="0.987667479576209"></String>
          </TextLine>

          
          
          <TextLine ID="eSc_line_cb07ec56"
                    TAGREFS="LT1585"
                    BASELINE="73 1983 986 1989" 
                    HPOS="72"
                    VPOS="1928"
                    WIDTH="914"
                    HEIGHT="91">
            <Shape><Polygon POINTS="73 1983 72 1999 113 2014 114 2014 116 2015 153 2015 153 2014 155 2014 156 2014 173 2003 202 2012 203 2012 205 2012 206 2012 249 2001 259 2010 260 2010 261 2010 263 2010 264 2010 284 2003 343 2012 344 2012 346 2012 369 2004 411 2015 412 2015 414 2015 516 2011 518 2011 519 2011 526 2004 543 2015 544 2015 545 2015 547 2015 606 2010 626 2017 627 2017 628 2018 671 2018 671 2017 673 2017 699 2004 732 2012 734 2012 735 2012 850 2006 879 2018 881 2018 882 2019 925 2019 925 2018 926 2018 928 2018 943 2006 985 2006 986 1989 985 1934 868 1932 867 1932 865 1932 864 1932 861 1935 843 1950 764 1950 742 1936 735 1931 734 1931 732 1931 731 1931 592 1938 556 1939 551 1938 519 1929 518 1929 448 1929 447 1929 446 1929 444 1929 432 1939 423 1947 351 1947 344 1940 335 1932 333 1932 332 1932 270 1928 268 1928 267 1928 234 1942 227 1946 130 1946 127 1943 112 1932 110 1932 109 1932 108 1932 106 1932 73 1943 73 1983"/></Shape>
	    <String CONTENT="Ie pri, Phebus &amp; les neuf Sœurs außi:"
                    HPOS="72"
                    VPOS="1928"
                    WIDTH="914"
                    HEIGHT="91"></String>
          </TextLine>

          
          
          <TextLine ID="eSc_line_b6985cf8"
                    TAGREFS="LT1585"
                    BASELINE="51 2064 918 2075" 
                    HPOS="49"
                    VPOS="2008"
                    WIDTH="869"
                    HEIGHT="96">
            <Shape><Polygon POINTS="51 2064 49 2089 142 2094 144 2094 145 2094 153 2090 166 2083 187 2090 202 2096 203 2096 205 2097 253 2097 253 2096 254 2096 256 2096 261 2091 268 2086 407 2083 423 2091 425 2091 426 2091 544 2084 608 2094 624 2096 626 2096 627 2096 634 2094 660 2086 681 2094 701 2102 702 2102 703 2104 732 2104 732 2102 734 2102 735 2102 748 2094 760 2087 806 2096 811 2096 813 2096 820 2096 874 2089 883 2096 889 2101 890 2101 892 2101 893 2101 917 2096 918 2075 918 2037 888 2030 886 2030 885 2030 883 2030 863 2037 860 2037 860 2036 836 2018 835 2018 834 2018 807 2015 806 2015 691 2021 667 2014 666 2014 665 2014 663 2014 662 2014 655 2021 648 2015 648 2014 647 2014 645 2014 586 2014 584 2014 583 2014 581 2014 559 2029 551 2035 489 2035 479 2026 477 2025 476 2025 475 2025 473 2025 458 2026 390 2032 379 2024 361 2010 360 2010 358 2010 325 2010 324 2010 322 2010 321 2010 306 2022 296 2029 285 2021 267 2008 266 2008 264 2008 263 2008 261 2008 260 2008 242 2019 227 2029 139 2022 138 2022 88 2028 69 2015 66 2012 65 2012 63 2012 62 2012 51 2014 51 2064"/></Shape>
	    <String CONTENT="Que, pour ſaouler ma grande affection,"
                    HPOS="49"
                    VPOS="2008"
                    WIDTH="869"
                    HEIGHT="96"
                    WC="0.984274686951386"></String>
          </TextLine>

          
          
          <TextLine ID="eSc_line_820867f2"
                    TAGREFS="LT1585"
                    BASELINE="74 2145 860 2155" 
                    HPOS="73"
                    VPOS="2096"
                    WIDTH="787"
                    HEIGHT="85">
            <Shape><Polygon POINTS="74 2145 73 2161 102 2161 105 2162 127 2173 128 2173 130 2173 131 2173 170 2162 178 2161 187 2162 223 2170 224 2170 225 2170 245 2163 260 2174 261 2174 263 2174 264 2174 321 2166 400 2166 425 2174 426 2174 428 2174 507 2165 512 2165 516 2165 565 2179 566 2179 568 2179 631 2173 642 2180 644 2180 645 2180 647 2181 699 2181 699 2180 701 2180 702 2180 702 2179 713 2169 813 2169 821 2176 821 2177 822 2177 824 2177 825 2177 827 2177 858 2168 860 2155 860 2118 838 2109 836 2109 835 2109 834 2109 816 2119 813 2120 811 2118 796 2105 796 2104 795 2104 793 2104 748 2102 687 2102 685 2102 684 2102 683 2102 683 2104 669 2116 659 2111 658 2111 656 2111 655 2111 653 2111 635 2116 634 2116 612 2115 598 2102 598 2101 597 2101 595 2101 538 2101 537 2101 536 2101 534 2101 534 2102 525 2112 484 2115 469 2116 457 2115 400 2108 399 2108 340 2114 329 2115 328 2114 317 2107 315 2107 314 2107 313 2107 311 2107 310 2107 299 2114 297 2115 195 2115 180 2112 142 2109 123 2096 121 2096 120 2096 119 2096 117 2096 74 2111 74 2145"/></Shape>
	    <String CONTENT="I’aye en mes iours celle perfection"
                    HPOS="73"
                    VPOS="2096"
                    WIDTH="787"
                    HEIGHT="85"
                    WC="0.969557443686894"></String>
          </TextLine>

          
          
          <TextLine ID="eSc_line_0ac1191e"
                    TAGREFS="LT1585"
                    BASELINE="74 2226 381 2235 962 2237" 
                    HPOS="73"
                    VPOS="2170"
                    WIDTH="889"
                    HEIGHT="107">
            <Shape><Polygon POINTS="74 2226 73 2255 139 2255 144 2256 169 2270 170 2270 171 2270 173 2270 174 2270 191 2259 206 2271 207 2271 209 2271 210 2273 270 2273 270 2271 271 2271 313 2260 328 2256 354 2260 421 2273 422 2273 423 2273 461 2263 484 2258 495 2264 508 2273 509 2273 511 2273 512 2273 514 2273 533 2264 547 2259 558 2266 563 2270 565 2270 566 2270 568 2270 592 2266 641 2259 653 2267 663 2276 665 2276 666 2276 667 2277 688 2277 688 2276 689 2276 691 2276 691 2274 698 2269 702 2266 706 2269 713 2276 714 2276 716 2276 806 2277 807 2277 809 2277 821 2271 836 2264 845 2273 846 2273 846 2274 847 2274 849 2274 850 2274 852 2274 857 2273 871 2269 888 2273 899 2277 900 2277 901 2277 903 2277 915 2274 946 2266 957 2276 962 2237 961 2183 858 2177 857 2177 856 2177 834 2183 818 2187 814 2183 806 2176 804 2176 803 2176 750 2176 749 2176 748 2176 746 2176 735 2184 713 2198 586 2191 584 2191 422 2195 397 2187 390 2184 389 2184 387 2184 386 2184 378 2187 347 2195 338 2187 322 2174 321 2174 320 2174 254 2172 253 2172 252 2172 250 2172 232 2187 227 2192 220 2188 220 2187 218 2187 217 2187 216 2187 214 2187 211 2188 206 2191 203 2188 185 2173 185 2172 184 2172 182 2172 124 2170 123 2170 92 2173 91 2173 90 2173 74 2184 74 2226"/></Shape>
	    <String CONTENT="D&#x27;aller ſi droit, qu&#x27;errer ie puiſſe ainſi."
                    HPOS="73"
                    VPOS="2170"
                    WIDTH="889"
                    HEIGHT="107"
                    WC="0.974205496699311"></String>
          </TextLine>

          
        </TextBlock>
        
        <TextBlock HPOS="839"
                   VPOS="2267"
                   WIDTH="375"
                   HEIGHT="100"
                   ID="block_3"
                   TAGREFS="BT4975">
          <Shape><Polygon POINTS="1214 2267 1207 2347 839 2367 839 2280"/></Shape>
          
          
          <TextLine ID="eSc_line_9242f73c"
                    TAGREFS="LT1585"
                    BASELINE="874 2320 1008 2320" 
                    HPOS="874"
                    VPOS="2274"
                    WIDTH="134"
                    HEIGHT="71">
            <Shape><Polygon POINTS="874 2320 874 2343 943 2335 954 2338 973 2345 975 2345 976 2345 978 2345 1008 2334 1008 2320 1008 2274 978 2274 976 2274 975 2274 973 2274 969 2278 957 2288 921 2284 888 2280 886 2280 885 2280 883 2280 874 2285 874 2320"/></Shape>
	    <String CONTENT="a 5"
                    HPOS="874"
                    VPOS="2274"
                    WIDTH="134"
                    HEIGHT="71"
                    WC="0.99973996480306"></String>
          </TextLine>

          
          
          <TextLine ID="eSc_line_58815fb1"
                    TAGREFS="LT1585"
                    BASELINE="1111 2318 1209 2314" 
                    HPOS="1108"
                    VPOS="2262"
                    WIDTH="101"
                    HEIGHT="77">
            <Shape><Polygon POINTS="1205 2277 1198 2270 1140 2262 1138 2262 1137 2262 1108 2273 1111 2318 1111 2331 1136 2339 1137 2339 1138 2339 1208 2327 1209 2314 1206 2287 1205 2277"/></Shape>
	    <String CONTENT="De"
                    HPOS="1108"
                    VPOS="2262"
                    WIDTH="101"
                    HEIGHT="77"
                    WC="0.995697230100632"></String>
          </TextLine>

          
        </TextBlock>
        

        
      </PrintSpace>
    </Page>
  </Layout>
</alto>
