1456 2474
185 204 1184 123 voſtre faueur) plus memorablement eſcrire, ce ſera

189 278 1180 111 en deſcouurãt et la foy que ie vous iure, & la gran¬

187 344 1182 117 deur de ce, que ie congnois en vous d’infinie perfe¬

193 420 1178 107 ction. Attendant donc, que plus heureuſe aſſeuran¬

195 486 1180 113 ce de voſtre bõne grace, eſclarciſſe les bruines de la

197 558 1180 114 melancolie, qui tempeſte & trouble le plus ſerain

197 628 1182 110 des inuentions, leſquelles par voſtre meſme obiect

202 694 1175 112 me ſont donnees, receurez, Madame, ces miennes

204 760 1161 122 Erreurs, autant agreablement, que ie porte le long

206 834 1173 120 ſouffrir des peines endurees pour vn iugement, que

208 900 1171 128 i'ay fait tant à voſtre auantage, que, d’autant que

280 983 1046 99 ſuyuant voſtre merite, ſur toute autre ie vous

352 1047 908 103 eſtime, d’autant veux ie immortelle¬

416 1123 784 93 ment conſacrer mon ame en con¬

492 1193 640 103 templation de voſtre gran¬

563 1265 494 81 deur, & mon reſte à

629 1329 360 89 l'obeïſſance de

707 1416 225 76 voz com

748 1480 134 74 man

703 1544 214 90 demens.

445 1684 761 91 AMOVR IMMORTELLE.
