1456 2474
121 101 56 121 6

532 113 449 72 ERREVRS.

195 197 949 116 Außi ie prens le blaſme en patience,

286 298 901 97 Prest d'endurer honteuſe penitence,

278 387 984 105 Pour les erreurs de ma ieuneſſe vaine.

571 484 282 82 SONET.

204 566 1058 120 Qui veult ſauoir en quante, & quelle ſorte

288 657 854 107 Amour cruel trauaille les eſpris

282 752 980 105 De ceux, qui ſont de ſon ardeur eſpris,

290 839 972 115 Et, le ſeruant, quel fruit on en raporte:

206 921 1115 126 Qu'il vienne voir ma peine ardente & forte,

290 1024 968 107 En diſcourant ces miens piteux eſcris,

290 1117 949 107 Car mes helas, & mes ſouſpirans cris

292 1208 996 111 Deſcouuriront la douleur, que ie porte.

204 1298 955 105 Il me verra craindre, & puis eſperer,

292 1389 968 109 En deſir croiſtre, & ſoudain empirer,

296 1480 922 115 Changer cent fois le iour de paßion.

208 1570 885 110 Il me verra alors, qu'Amour ſe ioue

296 1659 1011 111 De mon malheur, ſur l'amoureuſe roue.

296 1752 863 111 Souffrir le mal d'un dolent Ixion.

593 1859 285 83 SONET.

214 1915 1182 154 Souz ton hault front, qu le clair ciel reſſemble,

1264 2012 132 111 Sont
