1459 2481
144 78 44 108 8

558 70 462 87 ERREVRS

310 169 1093 108 De mon grãd biẽ, mon grand biẽ neceſſaire

314 266 1080 102 Pour me conduire, ou Dieu m'ha adreſſee,

221 353 871 114 Laiſſe paſſer le court fil de ces ans,

310 452 933 100 Sans me changer de tes ſoucis peſans,

310 535 869 110 En ceſte chair ma priſon deſtinee.

231 630 985 99 Amour reſpond: Tu te dois contenter,

316 725 983 91 Car ie te veux pour tel bien tormenter,

318 816 921 101 Que tu ſeras heureuſement damnee,

598 907 283 89 SONET.

233 998 954 101 Quand ie m'eſlieue en contemplation,

318 1089 921 97 M'eſmerueillant de ce diuin viſage,

316 1180 915 99 Saint & diuin, contre mortel vſage,

318 1257 894 117 Fait au pourtrait de la perfection,

227 1360 865 103 Soudain l'ardeur de ſerue paßion,

326 1443 1039 113 (Serue à l'obiect du plus ſeruil hommage,

312 1540 1093 114 Me prosternant aux piedz de ceſte image,

316 1633 863 91 Fond mon deſir tout en deuotion.

240 1720 800 103 Alors i'adore en telle humilité,

345 1806 838 112 Ce ſaint ſeul Dieu de ma felicité,

320 1908 942 114 Lequel touſiours deuotement ie prie:

1293 1999 114 107 Que
