1494 2490
1309 97 41 95 9

375 83 616 85 AMOVREVSES.

105 176 1032 114 Que mon las cœur mourant à ſon ſeruice,

182 273 915 115 Pour agreable & plaiſant ſacrifice,

182 371 913 106 S'offre aux autelz de mon idolatrie,

468 462 276 85 SONET.

101 549 982 110 Ouelqu'un voyant la belle pourtraiture

182 639 948 91 De ton viſage en vn tableau depeinte,

182 722 926 116 S'eſmerueilloit de choſe ſi bien feinte,

184 819 884 110 Et qui ſuyuoit de ſi pres la nature.

97 915 1083 107 Helas (penſáy ie) Amour par ſa pointure,

186 1010 1079 98 Ha mieux en moy ceſte beauté emprainte,

188 1081 953 107 Ceste beauté tant cruellement ſainte,

186 1180 924 110 Que, l'adorant, elle me deuient dure.

126 1282 1021 102 Car ce tableau par main d’homme traßé

195 1361 904 106 Au fil des ans pourroit eſtre effacé,

180 1462 928 100 Ou obſcurci perdant ſa couleur viue:

99 1554 1096 101 Mcais la memoire emprainte en ma penſee

188 1637 872 114 De ſa beauté ne peult eſtre eſſacee

184 1740 1058 104 Au laps du tẽps, au moins tant q̃ ie viue.

423 1842 458 83 EPIGRAMME.

197 1915 1056 114 Un jour Amour voltigeoit dens tes yeux,

881 2025 168 97 A5

1164 2006 116 141 Ou
