1459 2481
159 93 60 128 10

540 84 457 85 ERREVRS

219 177 913 108 Ou bien plustot en tes ſoleilz luiſans,

215 272 966 104 Pour eſtre en bref ſur moy victorieux,

211 370 1045 97 Il allumoit quelques flambeaux cuiſans:

213 454 879 95 Et nous eſtions enſemble deuiſans,

215 552 1006 84 Ou ta douceur rauiſſoit tant mon ame,

221 638 937 102 Que ce pendant auec ardente flame,

219 727 1144 106 Amour ſurprint mon cœur à l’impourueue:

219 820 1144 106 Lors m'embraſa du feu, qui tant m'emflame,

217 911 972 104 Prins au braſier de ta brulante veue.

600 1023 285 70 SONET.

231 1091 1074 110 Au premier trait, que mon œil rencontra

312 1186 935 102 Des moins parfaits de ſa perfection,

316 1275 925 110 La plus grand part de ma deuotion

318 1370 818 89 Soudainement en elle idolatra.

229 1459 985 104 Mais quand le ſon de ſa voix penetra

326 1565 791 84 Dens mon ouyr, l’imagination

322 1635 938 112 Rauiſſant hault ma contemplation,

333 1732 966 108 Au plus perfait de ſon parfait entra.

240 1823 1026 101 Lors ie congnus que ce vermeil albastre,

333 1908 976 120 Pour qui mon œil me rendoit idolatre,

1272 1962 141 138 Eſtoit
