1471 2490
322 103 617 100 AMOVREVSES.

1246 114 50 83 13

135 199 741 106 Ie crains le bien, que te deſire,

132 294 578 112 Deſirant ne le deſirer.

45 383 777 115 Toutesfois l'humaine doulceur

135 481 804 106 Estincellante en tes beaux yeux

130 570 742 100 Permet mon miſerable cœur

126 661 748 108 Se nourrir d'eſpoir gracieux:

137 749 829 110 Ainſi ie me trompe moymeſme,

147 846 889 108 Comme fait tout homme qui ayme,

132 944 765 97 Eſperant en fin d'auoir mieux.

47 1018 595 121 L'une de tes perfections

135 1112 833 112 Me peult plus de faueur preſter,

132 1207 638 108 Que toutes mes affections

139 1298 758 104 Ne ſauroient iamais meriter:

137 1392 945 108 Mais mon amour ſans fin ny terme,

139 1481 802 108 En ſon ſeruice ardant & ferme,

143 1572 580 102 A pitié te doit inciter.

45 1660 742 112 La force du torment ſouffert

141 1753 690 104 N'empeſchera d'orenauant

147 1848 731 102 Que le cœur, que ie t'ay offert,

139 1935 771 121 Ne ſoit à toy tout mon viuant.

1070 2014 168 141 Et me
