1457 2493
172 93 81 98 14

546 112 459 72 ERREVRS

320 195 773 102 Et me ſois tu doulce, ou cruelle,

320 301 862 89 Mon amour est tant immortelle,

328 365 773 129 Que mort ie ſeray ton ſeruant.

606 490 287 75 SONET.

234 565 877 106 Ie ſens vn feu chaudement alumé,

324 656 1076 110 Qui brule en moy le plus froid de mon ame,

324 754 1074 101 Uoyant le lieu, ꝗ par ſon chault m'enflame,

320 839 1014 114 N'estre moins froid,que ie ſuis enflamé.

234 939 938 91 Ie ſens mon cœur rudement entamé,

324 1022 1014 112 Qui ſans mourir, cent millefois ſe paſme,

320 1113 997 110 Uoyant le trait, lequel au vif l'entame,

324 1202 808 108 Cruellement en rigueur animé.

236 1296 981 112 Mon ame ainſi peu à peu ſe conſume,

326 1385 1074 106 Puis q̃, quand plus en moy l'ardeur s'alume,

324 1475 1037 110 Plus deuient froid le lieu de ſa naiſſance.

245 1570 921 98 Ainſi ſe ſera ma douleur immortelle,

324 1659 1002 106 Puis que le trait, qui me feit playe telle,

322 1751 1083 112 Prẽd plus de force, ou i'ay moins de puiſãce.

606 1848 281 88 SONET.

232 1929 931 123 Pourquoy me fut (ô ciel) ta cruauté,

1261 2017 146 118 Tant
