1494 2498
354 114 629 96 AMOVREVSES.

1266 129 71 89 15

172 212 1013 106 Tant ennemie au iour de ma naiſſance,

175 310 1012 110 Que mon deſtin ne peut auoir puiſſance,

172 399 974 111 Pour me payer de ma grand' loyauté?

89 493 984 112 Pourquoy ne fut moindre ceſte beauté,

179 580 892 115 Qui me trauaille en ſon obeïſſance?

177 674 937 110 Ou que n'as tu (but de ma iouiſſance)

172 766 1005 106 Moins de rigueur, & plus de priuauté?

95 861 1036 98 Donc ie t'auray en vain mon cœur offert?

185 940 1075 109 Donc tant de mal en vain i'auray ſouffert?

183 1038 1042 100 I'auray en vain donc fondus mes ſeruices?

91 1128 955 110 Ha, ne laiſſez, ô Dieux, ce tort ainſi:

189 1230 848 93 Ou ie diray que vous n'auez ſouci,

185 1315 929 108 De noz pechez, ny de noz ſacrifices.

472 1423 280 77 S0NET.

108 1496 1023 94 Tu es, cruelle, à mon heur trop contraire,

191 1582 1030 102 Et trop ardente à mon grand deſplaiſir,

191 1667 944 112 Trop ennemie à mon bouillant deſir,

195 1767 1088 106 Lente à mon bien, & prõpte à me meffaire.

108 1863 1125 102 De ces doux traits, dont tu ſcais ſi bien traire

202 1956 950 119 Les cœur à toy, tu vins le mien ſaiſir.

1152 2044 144 116 Si vi
