1457 2480
155 111 74 99 16

549 99 453 97 ERREVRS

305 202 856 108 Si viuement, que ie ne puis choiſir

310 295 1070 112 Ailleurs, qu'en toy, plaiſir pour me cõplaire.

227 400 853 98 Et toutesfois tu t'es de moy rauie,

316 481 903 95 Pour me priuer de l'ame de ma vie,

312 574 1085 97 Cachant tes yeux, qui me ſouloient nourrir.

227 667 886 93 Las, ſi mon viure ainſi teſt odieux,

314 752 1083 105 Reuiens, cruelle, & mõſtre tes beaux yeux,

320 849 975 105 Qui me feront cent fois le iour mourir.

562 938 465 87 EPIGRAMME.

318 1027 897 111 Ce m'eſt vn mal, que ie n'euſſe pensé,

223 1116 986 101 De ne pouuoir, ou ie pretens atteindre:

237 1211 1081 107 Ce m'est grand mal, quand tu m'as offensé,

225 1308 1093 99 De ne m'oſer, & moins me ſauoir plaindre:

241 1395 1158 107 Ce m'eſt grãd mal, qui'Amour me veult cõtraĩdre

227 1492 804 86 Ate ſeruir, voire toute ma vie,

227 1576 816 102 Et que tu m'as ma liberté rauie.

225 1663 977 118 Mais le mal las, qui croiſt ma paßion,

239 1754 877 110 Ceft, que plus i'ay de te ſeruir enuie,

227 1851 994 110 Moins enuers moy croiſt ton affection.

1149 1924 241 122 CHANT
