1494 2498
372 114 626 96 AMOVREVSES.

1275 135 71 81 17

537 235 275 75 CHANT

91 306 917 102 La haulte idee à mon vniuers mere,

168 399 992 104 Si haultement de nul iamais compriſe,

168 493 932 104 Mest à preſent tenebreuſe Chimere.

81 580 954 109 Le tout, d'ou fut toute ma forme priſe,

168 672 1086 106 Plus de mon tout, de mon tout exemplaire,

162 766 944 106 Mest ſimplement vne vaine feintiſe.

85 853 971 110 Ce, qui ſouloit mon imparfait parfaire

156 947 912 106 Par ſon parfait, ſa force ha retiree,

154 1036 1037 113 Pour mon parfait en imparfait refaire.

68 1122 1011 114 Le ciel, qui fut mon hault ciel Empyree,

154 1221 906 102 Fixe moteur de ma force premiere,

147 1311 984 108 Pour m'affoiblir rend ſa force empiree.

62 1400 940 100 La grand clarte, à luire coustumiere

150 1490 993 117 En mon obſcur, me ſemble eſtre eclipſee,

145 1588 976 102 Pour me priuer du iour de ſa lumiere.

60 1667 900 116 La ſphere en rond, de circuir laſſee

147 1771 986 106 Pour ma faueur, malgré ſa ſymmetrie

147 1852 1049 119 En nouueau cours contre moy s'est poulſee.

60 1948 1056 121 La harmonie, aux doulx concens nourrie

1100 2050 131 112 Des

918 2062 59 86 B
