1457 2480
140 107 81 85 18

535 95 465 91 ERREVRS

310 183 1058 122 Des ſept accordz, contre l'ordre ſpherique

314 287 928 105 Horriblement entour mon ouir crie.

219 369 952 124 De clair ſoleil, par la ligne ecliptique

314 462 1033 114 De ſon deuoir mes yeux plus n'illumine,

314 549 1095 128 Mais (puis qu'il ne peult pis) ſe fait oblique.

227 655 824 109 La deïte, qui de moy determine,

322 733 1066 122 De ne preuoir que mon malheur m'aſſure,

320 832 1048 112 Et au paſſer du temps mon bien termine.

239 925 1089 114 L'ame, qui fit long temps en moy demeure,

328 1016 874 116 Iniquement d'autre corps s'aſſocie:

328 1103 1079 124 Et s'eſlongnant de moy, veult que ie meure,

338 1202 788 112 Pour s'exercer en palingeneſie.

626 1304 287 82 SONET.

254 1382 886 114 Ie meſurois pas à pas, & la plaine,

345 1477 719 101 Et l’infini de voſtre cruauté,

347 1562 872 109 Et l'obſtiné de ma grand' loyauté,

347 1661 895 110 Et voſtre foy fragile & incertaine.

260 1746 973 114 Ie meſurois voſtre doulceur haultaine,

353 1833 963 117 Uoſtre Angelique & diuine beauté,

357 1926 971 120 Et mon deſir trop haultement monté,

1246 1998 186 99 Et mon
