1481 2498
372 118 627 71 AMOVREVSES.

1285 122 70 82 19

189 212 1054 112 Et mon ardeur, voſtre glace & ma peine.

99 306 836 104 Et ce pendant que mes affections,

179 395 847 104 Et la rigueur de voz  perfections,

183 487 850 97 I'allois ainſi triſtement meſurant:

97 580 1000 94 Sur moy cent fois tournates vostre veüe,

181 674 922 92 Sans eſtre en rien piteuſement eſmue

183 763 1033 107 Du mal, qu'ainſi ie ſouffrois en mourant.

460 859 277 79 SONET.

95 930 884 119 En ma penſee en ſes diſcours laſſee,

172 1030 994 104 Ie parangonne à ton dueil ma tristeſſe:

170 1109 969 125 Et à ma viue & parfaite maistreſſe,

170 1205 831 112 L'occaſion de ta douceur paſſee.

89 1303 912 110 Pleurant tu ars pour celle treſpaßee,

183 1378 798 124 Celle, de qui le ſouuenir te bleſſe:

174 1486 938 106 Et la rigueur de ma Dame me preſſe

172 1579 909 107 D'entretenir, ſouſpirant, ma penſee.

87 1669 892 104 Celle qui eſt de moy. Amy, aymee,

170 1759 933 108 Est, comme eſtoit ta Deeſſe, eſtimee:

172 1854 815 98 Et ainſi qu'elle, adoree & ſeruie.

83 1938 910 124 Nous deux viuons de nos affections,

797 2042 129 122 B2

1056 2037 202 117 Mais,
