1411 2480
111 111 87 106 20

513 93 455 78 ERREVRS

268 192 1029 109 Mais nous ſouffrons contraires paßions:

271 293 1069 97 Moy viuãt mort, & toy mourant ſans vie.

179 465 1025 115 Lors que le bien, qui me rend miſerable,

552 388 281 87 SONET.

271 566 953 107 Fuſt apperceu de mes aueugles yeux,

279 657 931 101 Le mal (helas) dont ie ſuis enuieux,

273 737 1011 124 Print ſa naiſſance, & ſe fit pardurable.

190 834 883 114 O forte ardeur, ô deſir admirable,

279 925 1072 124 Qui m'acõpagne & me guide en tous lieux!

277 1025 949 103 O doux torment, ô plaiſir ennuyeux,

279 1107 1026 108 O dueil heureux à mon cœur fauorable!

198 1206 819 110 O cruauté non aſſez rigoureuſe,

289 1308 944 95 Ayes pitié de ceste ame amoureuſe,

285 1386 974 112 Puis que doulceur ne la veult ſecourir.

198 1488 977 103 Las, qui croira que ma peine ſoit telle,

285 1572 968 106 Que ie languis en douleur immortelle.

283 1655 1072 120 Mourant ſans fin pour ne pouuoir mourir?

573 1775 302 68 CHANT.

204 1833 1153 126 I'ay paßé pluſieurs ans du tẽps de ma ieuneſſe,

289 1934 1070 118 Sans cõgnoiſſance auoir de dueil, ou de tri¬

366 2031 165 134 ſteſſe:

1239 2019 122 86 Lors
