1454 2480
111 130 81 105 22

512 124 447 80 ERREVRS

273 219 595 97 Et ſi ſcait la maniere,

281 291 1092 116 Pour retourner en brief en ſa fanté p̃miere.

188 388 1183 120 Il fault (me dit Amour, Amour q̃ fit la playe)

289 489 1063 108 Qu'auant q̃ de ſanté bonne eſperance i'aye,

275 574 601 105 En tel endroit ie bleſſe

283 663 1053 109 Une Dame ſans per, & mortelle Deeſſe.

192 754 1187 124 Er pour l'attendre au lieu, ou doit eſtre bleſſee,

283 849 1096 120 Me fault viſer au cœur, et poindre ſa pẽsee:

287 946 548 112 Et qu'elle ſente ainſi,

291 1029 1090 120 Un pareil dueil au mien, et vn pareil ſoucy.

204 1120 1045 120 Alors elle pourra par ſon dueil meſurer,

299 1206 1068 122 Combien elle m'ha fait de trauail endurer

287 1316 503 105 En ſa dure priſon:

293 1397 1014 113 Et, pour auoir ſanté, m'ottroira gueriſon.

206 1485 1179 122 Mais, las, de quoy me ſert d'auoir la cõgnoißãce

299 1583 1086 111 Du moyẽ de guerir, s’il n'eſt en ma puißãce,

299 1686 673 93 De recouurer & prendre

306 1756 1083 126 Ce, qui peult ma ſanté en vn ĩſtãt me rẽdre?

217 1851 1119 124 I'ay fait tous mes effors, à vaincre la rudeſſe

301 1944 1051 135 De celle, que ie tien pour ma ſeule Deeſſe:

1222 2039 169 106 Mais
