1481 2498
345 97 617 92 AMOVREVSES.

1260 112 68 77 23

168 189 702 108 Mais elle ha ſi hault cœur,

172 283 1204 125 Qu'il eſt à tous les coups ſur mes effors vaĩqueur.

83 374 1183 123 I'ay taſché maintesfois, & ay fait grãd deuoir,

162 476 1212 102 Son trop rigoureux cœur à doulceur eſmouuoir,

185 570 623 108 Car ie ſçay que ſes pleurs,

172 651 1165 115 Eſtaindroient la chaleur pour laq̃lle ie meurs:

89 743 1050 104 Mais elle veult auoir autant de cruauté,

174 830 1044 106 Comme ie voy qu'elle ha de diuine beauté:

174 930 688 104 Et d'autant qu'elle eſt belle,

172 1009 1213 119 D'autãt en mon endroit ſe veult mõſtrer cruelle.

87 1109 1112 115 Plus ie fais, plus ie dis, plus ie voys eſcriuant,

174 1201 1194 112 Plus s'enflame mon cœur, plus ie ſuis ſon ſeruãt.

177 1305 760 95 Plus croit mon grief martyre,

179 1384 1089 114 Plus s'eſlongne de moy, plus de moy ſe retire,

179 1475 1199 115 Plus i'ayme ſon hõneur, plus ſon mal m'eſt nuysã

179 1579 1095 96 Plus mon ennuy luy eſt gracieux et plaisãt,

181 1673 775 86 Plus mon torment s’augmente,

183 1752 1079 111 Plus ſon cœur est ioyeux, plus elle ſe cõtente.

108 1846 925 110 Et ſi ie veuil taſcher ſortir de ſon lien,

191 1946 1050 119 Ie n'en ay le pouuoir: puis ayant le moyen,

1093 2035 196 96 Mon

839 2040 167 93 B4
