1459 2480
126 78 89 116 24

538 84 451 83 ERREVRS

279 165 513 111 Mon obstiné deſir,

283 266 1031 95 Ne me permet alors de le voulour choiſir.

198 376 1091 80 Et ce qui fait encor mon tourment empirer,

281 454 1028 99 Ceſt que rien ne me ſert, helas, de deſirer.

289 547 580 104 Car le deſir prend vie,

277 638 1051 103 Lors que ie ſens du tout l'eſperance rauie.

194 729 1097 116 La place d'eſperance vn deſeſpoir la gaigne.

277 820 1066 110 Laq̃lle en triste dueil de fureur acõpagne

285 888 625 126 Le mien deſir croiſſant,

227 1000 1145 111 Qui me fait pis q̃ mort trop viure en lãguißãt.

192 1093 1175 107 Or, donc, puis qu'il n'y ha hõme viuãt au mõde.

285 1188 1089 111 Qui ſente ennuy ꝓchain à ma douleur pro

279 1279 606 99 Et quelle eſt incurable

1169 1268 196 114 (fonde,

279 1368 1084 111 I'attẽs la ſeule mort pour m'eſtre ſecourable,

575 1475 281 79 SONET.

204 1547 855 110 Celle qui tient en la claire lumiere

279 1649 1078 101 De ſes doux yeux le trait, qui fit ma playe,

279 1733 1070 93 Ne s'orna point de verd, verd couleur gaye,

285 1826 1068 102 Comme elle eſtoit en ce Moys couſtumiere:

192 1917 900 133 Pour ne donner à l'ame priſoniere

1152 2019 220 95 Aucun
