1481 2498
335 106 629 91 AMOVREVSES.

1256 112 62 68 25

152 201 1081 113 Aucun eſpoir (non quelque mal que i'aye,

147 289 850 116 Qu'à la loger en autre lieu i'eſſaye)

145 391 861 100 De retourner en liberté premiere.

60 476 996 104 Elle peult bien la terre en verdeur voir,

141 564 1077 106 Uerdeur qui donne aux laboureurs eſpoir

143 661 1104 96 De leurs trauaux recueillir les fruits meurs.

54 749 949 104 Et ne voulut quelque verde eſperance

141 845 987 104 Me faire voir, comme pour aſſeurance

141 924 977 114 De voir finir les trauaux, ou ie meurs.

379 1034 443 88 EPIGRAME.

56 1111 1004 100 Beauté cruelle, & doulceur inhumaine,

56 1201 970 112 Qui guerroyez ſans ceſſe en mon deſir,

54 1290 925 110 Pour esbranler l'eſpoir du deſplaiſir,

52 1386 970 110 Qui me trauaille en ſi plaiſante peine,

52 1467 941 112 Que le plus ſeur de ma vie incertaine,

54 1571 1020 98 Perd tout pouuoir de durer longuement.

52 1654 1016 107 Mettez vn bout (helas) à mon torment,

54 1744 1022 114 Torment ſouffert pour vous de tel vouloir,

56 1840 887 108 Que me doulant ainſi ioyeuſement,

56 1927 1037 125 Mon ſeul plaiſr c'est ſans fin me douloir,

868 2029 115 85 B5

1137 2050 89 83 SO
