1459 2480
167 107 85 116 26

577 97 453 89 ERREVRS

598 198 293 85 SONET.

229 274 1052 118 De qui me dois ie (helas) plustot douloir,

318 376 1029 101 Sentant ma peine en vain deuenir forte?

318 469 1029 103 Ou de l'ardeur, qui mon deſir tranſporte.

318 558 884 105 Ou du deſir, qui force mon vouloir?

231 653 983 105 Ou du vouloir qui rendit mon pouuoir

322 741 977 110 Pour le vil prys d'une eſperance morte?

322 832 1045 104 Ou de mon œil (du cœur mal ſeure porte)

326 923 899 110 Qui le Soleil, qui me brule, oſa voir?

235 1014 1120 112 Mais de quoy ſert encor ce piteux plaindre?

329 1101 1063 110 Uault il pas mieux viuemẽt me cõtraindre,

333 1196 987 120 A faire en moy treſpaſſer toute enuie?

240 1295 1036 110 Las ie ne puys, & ſens que pour ce faire,

329 1382 972 108 Il me faudroit premierement deffaire

347 1465 780 120 Ce triste corps de ſa penible vie.

616 1574 286 85 SONET.

250 1651 1037 111 A cest anneau, parſait en ſorme ronde,

335 1748 1028 105 Enſemble & toy, & moy, ie parangonne.

337 1837 985 109 La foy le clost: la foy ne m'abandonne.

339 1924 1068 126 Son teint eſt d'or: mons q̃ l'or tu n'es blonde.

1326 1998 85 97 S'il
