1481 2498
1208 126 73 78 27

310 112 637 102 AMOVREVSES.

45 204 884 118 S'il est ſemé de larmes: trop abonde

124 297 1144 119 L’humeur en moy, ꝗ proye au dueil me dõne.

124 403 855 96 Si vn eſcrit au dedens l'enuironne,

129 485 997 114 Tu m'es au cœur en graueure profonde.

41 582 765 109 Sa foy retient vn diamant lié:

135 670 760 104 Et mon ſeruice à toy tout dedié

127 755 966 110 T'arrestera: tant ſois cruelle, ou dure.

43 855 877 115 Et puis: anſi que ny force, ny flame

133 938 1037 117 Peut conſumer vn diamant (Madame)

124 1032 1075 121 Malgré tout ſort ſans fin mõ amour dure.

408 1153 277 60 SONET.

41 1221 1048 100 Le ferme dueil prenant en mon cœur vie,

129 1313 947 106 Fut engendré par l'amoureuſe flame,

131 1409 968 102 Et ſe nourrit des ſouſpirs de mon ame,

129 1496 852 102 Laquelle s'est à toy toute aſſeruie.

45 1582 1075 108 La grande ardeur d'amour, qui me conuie

133 1686 985 97 A te ſeruir, & qui mon cœur enflame,

135 1771 958 102 La iouiſſance inceſſamment reclame,

139 1856 846 107 Par le ſouhait de deſireuſe enuie.

56 1952 1002 123 Mais ce ſouhait lequel mon bien deſire,

1062 2033 175 100 N'est
