1427 2480
159 90 70 104 32

548 76 467 83 ERREVRS

237 173 1119 120 C'est trop aymé, quand pour celle que i'ayme,

314 276 655 104 I'ayme ſi peu moymeſme,

314 376 972 93 Que contre moy dure mort ie conſpire,

314 456 1009 97 S'elle ne met fin brieue à mon martyre.

608 551 279 87 SONET.

225 636 1075 99 I'allois mourant ſeulement pour la crainte

316 727 1022 105 Qu'aucunement ton honneur fuſt taché,

312 820 899 99 Uoyant deſia qu'enuie auoit taſché

312 913 1042 95 Pour mon ardeur à luy donner atteinte.

229 1000 1162 113 Quand te mõſtrãt (ou fuſt vray, ou fuſt feinte)

308 1085 856 113 Eſtre piteuſe en me voyant faché,

310 1186 866 95 Ie me ſentis hors des bras arraché

310 1273 1085 111 De la Mort dure, et fuſt ma peine eſteĩte:

221 1368 1042 105 Non pas eſteinte, (helas) mais ſeulement

312 1448 839 114 Ie me ſentis deſaigrir le torment,

312 1556 959 95 Pour vne mort changer en autre pire.

237 1640 993 104 Car ie mourois craintif de tes douleurs,

310 1733 935 102 Et maintenant (miſerable) ie meurs

306 1822 1073 120 Pour te voir trop ioyeuſe en mon martyre.

1327 1924 56 86 SO
