1427 2480
148 144 77 116 34

545 101 455 85 ERREVRS

213 188 1166 138 Mes forts ſouſpirs, rendẽt ceſte eau bouillante,

291 289 1084 124 Dõt plus en ſort, plus croiſſent mes douleurs:

301 384 952 116 Car la raiſon pour laquelle ie meurs,

304 469 1052 113 Uient de l'ardeur d'une chaleur brulante:

219 555 1125 135 Mes pleurs vouloyent refroidir, ou esteindre

314 655 1048 124 Le feu, qui m'ard: & mes ſouſpirs ardens

314 750 1030 111 Uouloient ſecher mon plurer ennuyeux.

225 832 1150 135 Mais (las) mes pleurs nõt ſceu leur but atteĩdre.

316 927 1015 124 Et mes ſouſpirs plus croiſſent au dedens,

318 1027 1009 128 Plus font ſortir de larmes de mes yeux.

605 1136 300 81 CHANT.

241 1217 741 118 Que me ſert la congnoiſſance

328 1304 770 113 D'Amour, & de ſa puiſſance,

328 1401 701 105 Et du mal qu'il fait ſentir,

335 1496 572 101 Si ie n'ay la reſiftence,

335 1583 696 105 Pour m'en ſauoir garentir?

258 1676 604 115 Que me ſert en loyauté,

341 1762 643 106 Seruir la grande beauté

345 1860 678 107 D'une, qui ne veult m'ouir:

341 1944 540 124 Si ie n'ay la priuauté

1257 2015 151 93 Entier
