1467 2497
1206 104 86 81 37

318 79 635 87 AMOVREVSES.

143 172 903 108 Heureuſe ſin à ces maux attendoit.

66 262 1028 118 Puis quand plus fort de chaleur il ardoit,

137 368 845 106 Il repoſoit ſon heur ſur l'eſperance,

139 455 924 104 Ou n'eſperant, pour auoir allegeance,

147 534 991 117 Quelque ſecours à la Mort demandoit.

66 636 1093 104 Ah, combien est plus ardent mon martyre,

141 726 891 106 N'ayant eſpoir la mort ie me deſire.

139 819 1053 94 La mort, fin ſeule à mon piteux torment.

60 909 888 106 Car te voyant paistre de mon ſoucy,

139 1002 913 105 Je veux pour toy cruelle ſans mercy.

143 1092 968 102 En triſte dueil viure immortellement.

412 1208 280 67 SONET.

64 1273 1076 108 Apres qu'Amour par trop mortelle atteinte

143 1373 959 96 M'eut fait au cœur vne playe piteuſe,

141 1458 1032 113 Et qu'il congnut que ſa flame amoureuſe

139 1556 1084 94 Estoit en moy bien ardammẽt emprainte:

58 1648 940 99 Il retira ſa fleſche en mon ſang teinte,

145 1737 1026 98 Laiſſant en moy ſon humeur venimeuſe:

147 1824 1078 115 Mais ma maiſtreſſe (helas) trop rigoureuſe,

147 1922 973 133 Il ne toucha ſeulement que par feinte.

1138 1999 100 106 Or

876 2021 112 109 C3
