1441 2480
152 59 108 114 38

539 68 461 80 ERREVRS

233 163 926 109 Or pour fuyr la rigueur, qui me tue,

320 250 980 107 I'ay fait deſceing d'abandonner ce lieu,

320 347 1044 101 Ou vit ma doulce, & faſcheuſe contraire.

233 442 1129 103 Mais pour empeſche Amour, ce petit Dieu,

328 531 982 103 Couurant mes yeux de ſon obſcure nue

324 622 1038 103 Ne me permet de mon mal me diſtraire,

572 706 374 97 SEXTINE.

322 801 877 104 Le plus ardant de tous les elemens

233 888 926 108 N'est ſi bouillant alors, que le Soleil,

239 985 935 104 Au fort d'esté le fier Lyon enſlame,

250 1074 1073 106 Comme ie ſens aux doux traitz de ton œil,

235 1171 1040 93 Estre enflamee & bouillante mon ame,

237 1264 993 97 Le triste corps languiſſant en tormens.

328 1361 980 89 A ces piteux trauaux, à ces tormens,

233 1442 1102 95 N'ont les hauts cieux & moins les elemens,

235 1535 957 95 Fait incliner, ou deſcendre mon ame,

231 1628 1077 91 Mais, comme on void les rayons du Soleil

235 1713 891 105 Eſchaufer tout çà bas, ainſi ton œil

237 1812 1090 103 Rouant ſur moy de plus en plus m'enflame.

324 1905 949 120 Ie voy ſouuent Amour, lequel enflame

1267 1986 138 124 Pour
