1467 2497
349 76 626 90 AMOVREVSES.

1240 90 81 82 39

81 172 990 117 Pour me donner plus gracieux tormens

81 264 1023 116 Ses traitz cuiſans en ton flamboyant œil,

76 362 993 97 Lors me muant en deux purs elemens,

79 439 1044 124 Le corps ſe fond en pleurs, quand ce Soleil

87 536 1080 115 Empraint le feu plus ardemment en l'ame.

172 632 974 106 Uienne ſecher toute langoureuſe ame,

83 717 1115 117 (Si comme moy Amour trop fort l'enflame)

83 807 1036 112 Ses triſtes pleurs aux rays de mon Soleil.

91 905 916 106 Uienne celuy, qui comblé de tormens

89 990 988 110 Se pleint de Dieu, du Ciel, des Elemens,

97 1079 1064 119 Chercher confort au doux trait de ceſt œil.

174 1173 1022 100 Le doux regard, ou fier trait de cest œil,

93 1275 928 94 Fait ou ioyeuſe, ou dolente toute ame,

93 1360 832 102 Et temperez, ou non les elemens,

97 1444 1114 116 Außi c'est luy, qui rend froide, ou enflame,

93 1543 961 100 L'oaccaſion de tous ces miens tormens,

97 1625 1032 102 Et qui m'est nuict obſcure, ou clair Soleil.

185 1718 971 98 Fuyant le iour de ce mien beau Soleil,

104 1812 1073 104 Tout m'est obſcur, & rien ne void mon œil,

106 1906 984 122 Que dueil, ennuy, & funebres tormens,

1094 1987 198 125 Torm

855 1999 127 117 C4
