1441 2480
163 93 87 105 40

541 74 459 87 ERREVRS

233 171 1096 93 Tormens ſi grans, que ma douloureuſe ame

231 266 1073 99 Meut à pitié le Dieu, qui tant m'enflame,

231 355 899 93 Meſme le Ciel, & tous les elemens.

320 444 839 103 Pluſtot ne ſoit reſoult en elemens

260 535 903 91 Ce corps, ny l'ame au ciel ſur le Soleil

235 622 970 109 Puiſſe ſaillir, que doux ne me foit l'œil,

227 721 1098 99 Lequel m'enflame, & me tient en tormens.

603 818 285 83 SONET.

231 894 961 102 De tes cheueux ſi blondement dorez,

322 985 1065 108 Qu'ilz pourroient rendre vn Soleil obſcurci,

322 1082 883 100 Amour laça les retz dont le ſoucy

322 1173 976 100 Tient mes penſers estroitement ſerrez.

229 1266 918 95 Puis de tes yeux couuers & decorez

320 1347 930 105 D'un ſourcil double en hebene noircy,

318 1442 885 101 Dont fit ſon arc d’iuoyre racourcy,

314 1531 953 99 Tira des traitz mortellement ferrez.

231 1618 980 111 Lors il tendit ſes retz droit au paſſage,

316 1719 1081 97 Ou mes deux yeux pourvoir tõ clair viſage,

312 1808 1085 99 Me contraingnoient cent fois le iour courir.

227 1895 866 122 Puis enfonçant ſon arc il deſcocha

1240 1988 157 93 Tant
