1411 2480
153 97 82 89 42

554 80 457 75 ERREVRS

308 171 1047 110 M’ha de nouueau neuue peine apprestee,

308 260 896 109 Nouueau deſir, nouuelle affection.

217 353 877 114 Fortune außi croiſſant l'affliction

306 444 964 107 De ma douleur, tient ſa roue arrestee

320 537 995 109 Au lieu, auquel malheur l'auoit voltee,

316 634 898 99 Pour me combler de perturbation.

235 721 1002 118 Amour me poinct à ſuyure mon deſir,

316 810 906 115 Fortune m'offre vn triſte deſplaiſir,

324 909 1045 114 Qui m'empeſchant en douleur m'entretient.

231 1000 1033 111 Las ie vueil trop, mais la force me fuyt:

328 1093 981 107 Amour me laſſe, & fortune me nuyt:

331 1186 988 107 L'un m'eſperonne, & l'autre me retient.

620 1291 286 77 SONET.

239 1366 1012 109 I'auray regret au fruit de ma pourſuite,

331 1457 1024 115 Que ie n'oſay le pouuant bien, pourſuyure:

355 1550 1018 109 Car, ne pouuant, contraint ie ſuis de ſuyure

333 1640 943 114 Celle, qui prend trop plus legere fuite.

248 1740 989 86 Dont de l'ardeur mon ame toute cuite,

341 1812 1016 122 Pour les aſſaulx, leſquelz deſir luy liure,

345 1919 1016 120 Ne me promet de plus longuement viure,

1286 2002 89 97 Souz
