1467 2497
353 97 616 77 AMOVREVSES.

1247 112 86 77 43

174 185 945 106 Souz le dur faix de lamoureuſe luite.

89 282 1042 96 Ferme tes pas (cruelle) & tourne arriere,

170 378 868 92 Ne voy tu pas au ſon de ma priere

164 461 926 104 Le ciel troubler ſa face tant ſeraine?

85 559 905 98 Piteux de voir mes pleurs perpetuer

174 649 872 91 En ta rigueur, & meſmes ſe muer,

168 738 1055 100 Ton cœur en roc, et mes yeux en fontaine?

449 844 273 77 S0NET.

83 915 1138 112 Doulx de ces yeux le traict, qui me foudroye:

166 1007 920 104 Doulce l'ardeur d'un tel feu alumee:

168 1096 907 108 Doulx le deſir de choſe tant aymee:

168 1186 999 116 Et doulx l'eſpoir de tant heureuſe proye.

83 1283 1028 96 Doulce l'erreur, qui veult que ie me croye

166 1371 874 108 Contre le vray: & doulce la fumee

164 1462 915 115 Du ſonge faux, außi tost conſumee,

162 1556 982 102 Que le dormir brieuement le m'ottroye.

79 1639 1036 115 Doulx les deſdains, doulce peine ſoufferte

158 1739 1048 104 En bien aymant, Mais ô treſdoulce perte

164 1810 816 127 De liberté pour ſon ingraritude.

74 1918 1139 129 Le grand Romain, qui ayma mieux s'occire,

1131 2022 125 123 Que
