1411 2480
140 88 89 122 44

542 84 451 83 ERREVRS

295 171 991 120 Que viure ſerf, ne craindroit pas d'eſlire

291 268 977 114 Sous ſi doulx ioug ſi doulce ſeruitude.

200 442 933 124 L’ardent deſir, qui d'eſperer m'abuſe,

577 384 285 74 SONET.

293 543 1072 99 Si bien la voye au pẽſers d’Amour monſtre,

291 636 1064 112 Que bien ſouuent deuant moy ie rencontre

293 723 998 116 Celle, pour qui tant, & tant de pas i'uſe.

204 812 1130 115 Mais quand ma doulce, & cruelle Meduſe

291 907 1006 111 Fait à mes yeux de ſoy ſi belle monstre,

295 1004 925 103 L'eſprit vital d'admirable rencontre

291 1093 894 109 Tout eſperdu ſon deuoir me refuſe,

206 1180 1068 117 Urayment außi point ie ne m'eſmerueille,

291 1275 958 95 Si rencontrant tant diuine merueille,

299 1368 1035 111 Ainſi que mort ie deuiens froide image.

208 1450 1116 122 Mais i'ay grand dueil q̃ ma metamorphoſe

304 1550 937 111 Ne me permet de dire quelque choſe,

304 1638 1047 116 Ou prosterné du moins luy faire homage.

585 1740 283 80 SONET.

215 1818 893 118 Quand elle vit à la Mort deſployer

304 1917 999 124 L'impiteux trait pour ſon voiſin occire,

1291 2002 91 89 En
