<?xml version="1.0" encoding="UTF-8"?>
<alto xmlns:xsi="http://www.w3.org/2001/XMLSchema-instance"
      xmlns="http://www.loc.gov/standards/alto/ns-v4#"
      xsi:schemaLocation="http://www.loc.gov/standards/alto/ns-v4# http://www.loc.gov/standards/alto/v4/alto-4-2.xsd">
  <Description>
    <MeasurementUnit>pixel</MeasurementUnit>
    <sourceImageInformation>
      <fileName>51.jpg</fileName>
      
    </sourceImageInformation>
  </Description>
  
  <Tags>
    <OtherTag ID="BT1670" LABEL="TitlePageZone" DESCRIPTION="block type TitlePageZone"/><OtherTag ID="BT1663" LABEL="DropCapitalZone" DESCRIPTION="block type DropCapitalZone"/><OtherTag ID="BT1669" LABEL="StampZone" DESCRIPTION="block type StampZone"/><OtherTag ID="BT1668" LABEL="RunningTitleZone" DESCRIPTION="block type RunningTitleZone"/><OtherTag ID="BT1667" LABEL="QuireMarksZone" DESCRIPTION="block type QuireMarksZone"/><OtherTag ID="BT1666" LABEL="NumberingZone" DESCRIPTION="block type NumberingZone"/><OtherTag ID="BT1665" LABEL="MainZone" DESCRIPTION="block type MainZone"/><OtherTag ID="BT1664" LABEL="GraphicZone" DESCRIPTION="block type GraphicZone"/>
    <OtherTag ID="LT557" LABEL="HeadingLine" DESCRIPTION="line type HeadingLine"/><OtherTag ID="LT556" LABEL="DropCapitalLine" DESCRIPTION="line type DropCapitalLine"/><OtherTag ID="LT555" LABEL="DefaultLine" DESCRIPTION="line type DefaultLine"/>
  </Tags>
  
  <Layout>
    <Page WIDTH="1467"
          HEIGHT="2496"
          PHYSICAL_IMG_NR="50"
          ID="eSc_dummypage_">
      <PrintSpace HPOS="0"
                  VPOS="0"
                  WIDTH="1467"
                  HEIGHT="2496">
        
        <TextBlock HPOS="346"
                   VPOS="116"
                   WIDTH="639"
                   HEIGHT="63"
                   ID="eSc_textblock_284403b7"
                   TAGREFS="BT1668">
          <Shape><Polygon POINTS="346 124 346 179 985 168 985 116"/></Shape>
          
          
          <TextLine ID="eSc_line_b66371e9"
                    TAGREFS="LT557"
                    BASELINE="347 174 973 160" 
                    HPOS="343"
                    VPOS="95"
                    WIDTH="630"
                    HEIGHT="92">
            <Shape><Polygon POINTS="347 174 343 118 395 118 401 116 432 101 434 101 436 101 576 114 593 114 595 112 609 101 609 99 611 99 613 99 615 99 618 99 661 112 663 112 665 112 699 95 701 95 703 95 969 108 973 160 971 170 780 185 778 185 728 176 726 176 705 187 703 187 701 187 345 183"/></Shape>
	    <String CONTENT="AMOVREVSES."
                    HPOS="343"
                    VPOS="95"
                    WIDTH="630"
                    HEIGHT="92"></String>
          </TextLine>

          
        </TextBlock>
        
        <TextBlock HPOS="1227"
                   VPOS="108"
                   WIDTH="116"
                   HEIGHT="65"
                   ID="eSc_textblock_19ea0844"
                   TAGREFS="BT1666">
          <Shape><Polygon POINTS="1325 108 1343 173 1227 172 1244 108"/></Shape>
          
          
          <TextLine ID="eSc_line_90425b72"
                    TAGREFS="LT555"
                    BASELINE="1244 164 1327 164" 
                    HPOS="1242"
                    VPOS="104"
                    WIDTH="85"
                    HEIGHT="93">
            <Shape><Polygon POINTS="1244 164 1242 110 1325 104 1327 164 1327 191 1244 197"/></Shape>
	    <String CONTENT="45"
                    HPOS="1242"
                    VPOS="104"
                    WIDTH="85"
                    HEIGHT="93"></String>
          </TextLine>

          
        </TextBlock>
        
        <TextBlock HPOS="83"
                   VPOS="189"
                   WIDTH="1192"
                   HEIGHT="1847"
                   ID="eSc_textblock_c714fe9a"
                   TAGREFS="BT1665">
          <Shape><Polygon POINTS="955 189 992 255 1134 299 1208 382 1208 522 1267 582 1267 646 1150 698 1184 790 1159 979 1192 1040 1192 1162 1267 1198 1275 1270 1233 1304 813 1320 769 1347 769 1478 536 1505 538 1539 597 1555 1034 1572 1025 1653 921 1678 878 1761 744 1797 928 1847 928 1936 838 1953 786 2028 116 2036 99 1946 166 1903 174 1564 166 1505 83 1456 91 1406 191 1347 166 1156 91 1112 99 1031 158 1004 166 946 166 873 91 846 91 773 166 738 166 507 91 480 91 416 166 364 174 224 333 215 463 215 613 197"/></Shape>
          
          
          <TextLine ID="eSc_line_81d543b3"
                    TAGREFS="LT555"
                    BASELINE="172 282 978 262" 
                    HPOS="168"
                    VPOS="183"
                    WIDTH="810"
                    HEIGHT="124">
            <Shape><Polygon POINTS="172 282 168 210 484 214 518 205 565 191 568 191 568 191 570 191 570 191 684 203 726 208 736 203 763 189 763 189 763 189 765 189 765 189 890 183 892 183 892 183 892 183 973 201 978 262 975 278 844 291 842 291 842 291 842 291 840 291 840 291 838 291 838 291 828 282 821 278 817 282 813 284 813 287 813 287 811 287 811 287 811 287 809 287 809 287 809 287 807 287 807 287 776 282 742 278 730 284 705 295 705 295 705 295 703 295 703 295 701 295 701 295 620 287 586 282 580 287 565 297 563 297 563 297 563 297 561 297 561 297 559 297 559 297 559 297 557 297 557 297 555 297 538 287 532 284 347 287 332 291 251 307 251 307 251 307 249 307 249 307 170 293"/></Shape>
	    <String CONTENT="En permettant à la pitié d&#x27;eſlire"
                    HPOS="168"
                    VPOS="183"
                    WIDTH="810"
                    HEIGHT="124"></String>
          </TextLine>

          
          
          <TextLine ID="eSc_line_3355426c"
                    TAGREFS="LT555"
                    BASELINE="172 374 1134 351" 
                    HPOS="164"
                    VPOS="280"
                    WIDTH="970"
                    HEIGHT="121">
            <Shape><Polygon POINTS="172 374 164 316 199 297 199 297 199 297 201 297 201 297 203 297 203 297 330 312 337 312 343 312 426 291 426 291 426 291 428 291 428 291 428 291 430 291 430 291 430 291 432 291 455 307 601 287 601 287 603 287 724 289 724 289 724 289 726 289 726 289 726 289 728 289 728 289 728 291 740 301 740 301 859 301 861 299 878 282 878 280 878 280 880 280 880 280 880 280 882 280 882 280 882 280 884 280 884 280 886 280 886 280 930 297 934 297 1127 293 1134 351 1131 366 1009 382 1009 382 1007 382 1007 382 942 370 928 368 917 370 882 384 882 384 880 384 880 384 697 391 695 391 474 380 434 378 430 380 399 397 399 397 399 397 397 397 397 397 397 397 395 397 395 397 305 382 299 382 297 382 262 401 262 401 262 401 260 401 260 401 260 401 258 401 258 401 170 384"/></Shape>
	    <String CONTENT="Siege en ſon cœur, ſe print à larmoyer."
                    HPOS="164"
                    VPOS="280"
                    WIDTH="970"
                    HEIGHT="121"></String>
          </TextLine>

          
          
          <TextLine ID="eSc_line_587186a7"
                    TAGREFS="LT555"
                    BASELINE="95 468 626 451 1184 445" 
                    HPOS="85"
                    VPOS="376"
                    WIDTH="1096"
                    HEIGHT="108">
            <Shape><Polygon POINTS="93 468 85 411 108 397 110 397 110 397 110 397 112 397 112 397 114 397 153 397 153 397 153 397 156 397 156 397 156 397 158 397 158 397 158 399 170 409 185 399 187 399 187 399 187 399 189 399 189 399 189 399 191 399 191 399 251 409 262 409 266 407 301 393 301 393 303 393 303 393 303 393 305 393 607 401 632 401 632 401 642 388 645 388 645 386 645 386 647 386 647 386 647 386 649 386 649 386 651 386 651 386 651 386 705 399 707 399 707 399 730 382 732 382 732 382 732 382 734 382 734 382 734 382 736 382 996 393 1002 393 1005 393 1030 376 1032 376 1032 376 1032 376 1034 376 1034 376 1036 376 1036 376 1177 391 1181 443 1181 470 1067 472 1065 472 1065 472 1063 472 1063 472 1063 472 1063 472 1061 472 1061 472 1046 459 1017 472 1013 474 1013 474 1011 474 1011 474 1011 474 1009 474 1009 474 996 472 930 461 919 474 919 474 917 474 917 476 917 476 915 476 915 476 915 476 913 476 913 476 913 476 699 478 697 478 697 478 695 478 684 476 642 465 590 476 551 484 551 484 551 484 549 484 549 484 489 478 436 472 93 480"/></Shape>
	    <String CONTENT="Et tant de traitz, qu&#x27;Amour vint employer,"
                    HPOS="85"
                    VPOS="376"
                    WIDTH="1096"
                    HEIGHT="108"></String>
          </TextLine>

          
          
          <TextLine ID="eSc_line_882f8bea"
                    TAGREFS="LT555"
                    BASELINE="174 555 1179 532" 
                    HPOS="170"
                    VPOS="472"
                    WIDTH="1011"
                    HEIGHT="91">
            <Shape><Polygon POINTS="174 555 170 486 328 501 387 488 387 488 387 488 389 488 389 488 389 488 436 497 464 484 472 480 472 480 472 480 474 480 474 480 476 480 476 480 476 480 499 484 551 495 611 490 615 484 620 478 622 478 622 476 622 476 624 476 624 476 624 476 626 476 626 476 628 476 699 476 699 476 699 476 701 476 701 476 701 476 703 476 703 476 703 478 709 482 719 492 834 488 842 482 859 472 861 472 861 472 861 472 863 472 863 472 865 472 865 472 865 472 923 482 950 486 1173 482 1179 532 1181 538 1150 557 1148 557 1148 557 1146 557 1146 557 1146 557 1088 559 1088 559 826 563 824 563 824 563 728 549 719 549 695 551 513 563 511 563 172 561"/></Shape>
	    <String CONTENT="Pour me contraindre en infiny martyre"
                    HPOS="170"
                    VPOS="472"
                    WIDTH="1011"
                    HEIGHT="91"></String>
          </TextLine>

          
          
          <TextLine ID="eSc_line_058bd232"
                    TAGREFS="LT555"
                    BASELINE="178 646 676 632 1254 628" 
                    HPOS="172"
                    VPOS="555"
                    WIDTH="1082"
                    HEIGHT="121">
            <Shape><Polygon POINTS="178 646 172 590 214 572 214 572 216 572 216 572 216 572 218 572 218 572 220 572 220 572 220 572 222 572 239 584 251 572 251 572 253 572 253 572 253 572 255 572 255 572 258 572 258 572 382 584 426 567 426 567 428 567 428 567 428 567 430 567 582 580 647 569 647 569 649 569 649 569 649 569 651 569 651 569 678 580 867 565 869 565 869 565 869 565 871 565 871 565 871 565 873 565 873 565 873 567 884 576 948 576 1050 576 1052 574 1084 557 1084 557 1084 557 1086 557 1086 557 1086 557 1190 555 1192 555 1192 555 1194 555 1194 555 1194 555 1196 555 1196 555 1196 557 1213 572 1250 572 1254 628 1250 659 1184 640 1154 661 1152 663 1150 663 1150 663 1150 663 1148 663 1148 663 1148 663 1054 665 1052 665 1052 665 1050 665 1050 665 1050 665 1048 665 1044 661 1027 651 973 663 957 665 957 665 957 665 955 665 955 665 953 665 942 663 888 646 851 661 851 661 848 661 848 661 848 661 846 661 846 661 844 661 844 661 807 646 769 663 757 669 757 669 757 669 755 669 755 669 753 669 753 669 699 665 555 651 530 665 520 673 518 673 518 673 518 673 516 673 516 673 516 676 432 676 430 673 430 673 428 673 428 673 428 673 426 673 426 673 420 667 403 655 208 655 181 669"/></Shape>
	    <String CONTENT="Mourir touſiours, n&#x27;ont iamais peu ſuffire,"
                    HPOS="172"
                    VPOS="555"
                    WIDTH="1082"
                    HEIGHT="121"></String>
          </TextLine>

          
          
          <TextLine ID="eSc_line_8b8dab56"
                    TAGREFS="LT555"
                    BASELINE="178 734 1059 717" 
                    HPOS="174"
                    VPOS="648"
                    WIDTH="885"
                    HEIGHT="111">
            <Shape><Polygon POINTS="178 734 174 678 233 663 235 663 237 663 239 663 260 676 268 682 276 676 280 671 282 671 285 671 287 671 328 676 370 680 376 676 380 671 380 669 382 669 384 669 387 669 439 673 470 669 483 667 509 661 511 661 513 661 578 669 622 655 624 655 626 655 682 655 684 655 686 655 707 671 759 659 761 659 763 659 765 659 794 669 832 651 834 651 836 651 838 651 886 669 942 648 944 648 946 648 948 648 950 648 973 669 1054 669 1059 717 1059 730 1019 730 1017 730 992 746 990 746 988 746 846 748 844 748 842 748 840 748 830 740 817 748 815 748 813 748 811 748 809 748 786 740 695 752 692 752 690 752 661 742 620 755 618 755 615 755 613 755 580 738 553 738 511 738 509 738 489 752 486 752 484 752 482 752 407 740 387 757 387 759 384 759 382 759 380 759 378 759 335 742 266 752 264 752 176 742"/></Shape>
	    <String CONTENT="Pour à pitié, tant ſoit peu, la ployer."
                    HPOS="174"
                    VPOS="648"
                    WIDTH="885"
                    HEIGHT="111"></String>
          </TextLine>

          
          
          <TextLine ID="eSc_line_2e5b6e90"
                    TAGREFS="LT555"
                    BASELINE="95 827 1162 809" 
                    HPOS="85"
                    VPOS="738"
                    WIDTH="1076"
                    HEIGHT="108">
            <Shape><Polygon POINTS="93 825 85 771 110 755 112 755 112 755 112 755 114 755 114 755 114 755 116 755 116 755 118 755 170 769 178 771 276 769 278 767 324 750 324 750 326 750 326 750 328 750 328 750 412 763 436 767 457 763 509 748 511 748 511 748 513 748 513 748 516 748 516 748 549 761 561 765 572 759 586 752 586 752 586 752 588 752 588 752 588 752 590 752 590 752 628 759 655 763 663 757 680 744 680 744 682 744 682 744 682 744 684 744 684 744 686 744 686 744 686 744 688 744 728 757 749 761 901 761 907 750 917 742 917 742 917 740 917 740 919 740 919 740 921 740 921 740 921 740 923 740 923 740 992 748 1005 750 1015 748 1054 738 1057 738 1057 738 1059 738 1059 738 1059 738 1061 738 1061 738 1063 738 1063 738 1073 746 1086 755 1154 746 1161 807 1156 832 1065 821 1007 834 1002 834 1002 834 1002 834 1000 834 1000 834 998 834 998 834 998 834 998 834 973 821 950 832 950 832 950 832 948 832 948 832 946 832 946 832 946 832 944 832 913 823 901 834 901 836 901 836 898 836 898 836 898 836 896 836 896 836 896 836 894 836 871 836 722 823 684 836 684 836 682 836 682 836 682 836 680 836 680 836 678 836 678 836 678 836 647 825 549 827 538 838 534 842 534 842 534 842 532 842 532 842 530 842 530 842 530 842 528 842 528 842 528 842 526 842 513 838 482 827 341 832 335 840 330 842 330 844 330 844 328 844 328 844 328 844 326 844 326 844 326 846 264 846 262 844 262 844 260 844 260 844 260 844 258 844 251 840 237 832 93 840"/></Shape>
	    <String CONTENT="Bien mille mors (mors de moy qui l&#x27;adore.)"
                    HPOS="85"
                    VPOS="738"
                    WIDTH="1076"
                    HEIGHT="108"></String>
          </TextLine>

          
          
          <TextLine ID="eSc_line_ecabcb31"
                    TAGREFS="LT555"
                    BASELINE="176 917 1150 902" 
                    HPOS="168"
                    VPOS="836"
                    WIDTH="982"
                    HEIGHT="104">
            <Shape><Polygon POINTS="176 917 168 865 185 846 185 846 185 844 185 844 187 844 187 844 187 844 189 844 189 844 191 844 260 844 260 844 260 844 262 844 262 844 262 844 264 844 291 861 580 859 607 838 609 838 609 838 609 838 611 838 611 838 611 838 728 836 730 836 730 836 732 836 794 852 855 842 855 842 857 842 1146 850 1150 902 1146 927 1071 913 1017 913 984 927 980 929 980 929 980 929 978 929 978 929 978 931 911 931 909 929 909 929 907 929 907 929 907 929 905 929 905 929 905 927 905 927 892 917 821 917 801 927 792 931 792 931 792 931 790 931 790 931 790 931 788 931 788 931 786 931 771 927 749 921 740 927 734 933 734 933 732 933 732 933 732 933 730 933 730 933 730 936 649 936 647 933 647 933 645 933 645 933 645 933 642 933 634 927 624 921 595 927 563 933 563 933 563 933 561 933 561 933 495 927 455 923 447 927 422 938 422 938 420 938 420 938 420 940 380 940 378 938 378 938 376 938 376 938 376 938 374 938 374 938 374 936 364 927 359 923 176 925"/></Shape>
	    <String CONTENT="N&#x27;ont eu pouuoir de l&#x27;eſmouuoir encore,"
                    HPOS="168"
                    VPOS="836"
                    WIDTH="982"
                    HEIGHT="104"></String>
          </TextLine>

          
          
          <TextLine ID="eSc_line_e8a504c0"
                    TAGREFS="LT555"
                    BASELINE="181 1012 555 998 1127 994" 
                    HPOS="176"
                    VPOS="915"
                    WIDTH="951"
                    HEIGHT="122">
            <Shape><Polygon POINTS="181 1012 176 958 245 956 247 954 299 927 299 927 299 927 301 927 301 927 303 927 359 927 359 927 359 927 362 927 362 927 362 927 364 927 364 927 364 929 384 950 397 950 409 950 418 950 516 929 516 929 516 929 518 929 518 929 520 929 520 929 557 944 578 925 578 923 578 923 580 923 580 923 582 923 582 923 582 923 584 923 584 923 586 923 634 936 688 921 690 921 690 921 692 921 692 921 692 921 695 921 755 938 759 940 763 938 809 919 809 919 811 919 811 919 811 919 813 919 813 919 813 919 815 919 815 919 817 919 817 919 840 936 853 946 898 946 919 933 928 929 928 929 928 929 930 929 930 929 930 929 932 929 932 929 934 929 946 931 967 938 980 931 1002 919 1002 919 1002 919 1005 919 1005 919 1005 919 1007 919 1007 919 1009 919 1009 919 1009 919 1011 919 1025 929 1036 936 1044 929 1059 917 1059 915 1059 915 1061 915 1061 915 1061 915 1063 915 1063 915 1065 915 1065 915 1065 915 1123 927 1127 994 1123 1010 1109 1004 1102 1010 1090 1021 1090 1023 1090 1023 1088 1023 1088 1023 1086 1023 1086 1023 1086 1023 1015 1025 1013 1025 1013 1025 1011 1025 1011 1025 1011 1025 1009 1025 1009 1025 994 1012 986 1006 944 1006 936 1012 923 1023 923 1025 923 1025 921 1025 921 1025 921 1025 919 1025 919 1025 917 1025 917 1025 834 1017 803 1029 803 1029 801 1029 801 1029 801 1031 676 1031 674 1029 674 1029 672 1029 672 1029 672 1029 670 1029 670 1029 655 1017 640 1025 640 1025 640 1025 638 1025 638 1025 636 1025 636 1025 636 1025 634 1025 634 1025 634 1025 632 1025 632 1025 622 1015 618 1012 553 1012 543 1015 482 1033 480 1033 480 1033 478 1033 478 1033 478 1033 476 1033 476 1033 436 1015 434 1015 434 1015 412 1035 412 1035 409 1035 409 1035 409 1035 407 1035 407 1035 407 1037 374 1037 372 1035 372 1035 370 1035 370 1035 370 1035 368 1035 343 1017 341 1017 337 1017 220 1027 220 1027 218 1027 218 1027 216 1027 176 1017"/></Shape>
	    <String CONTENT="A deluger par l&#x27;œil quelque tristeſſe."
                    HPOS="176"
                    VPOS="915"
                    WIDTH="951"
                    HEIGHT="122"></String>
          </TextLine>

          
          
          <TextLine ID="eSc_line_131c098e"
                    TAGREFS="LT555"
                    BASELINE="97 1098 1179 1085" 
                    HPOS="93"
                    VPOS="1010"
                    WIDTH="1086"
                    HEIGHT="111">
            <Shape><Polygon POINTS="97 1098 93 1042 110 1042 112 1040 131 1023 131 1021 131 1021 133 1021 133 1021 133 1021 135 1021 135 1021 137 1021 137 1021 137 1021 139 1021 201 1040 210 1042 405 1042 412 1037 451 1017 451 1017 451 1017 453 1017 453 1017 455 1017 482 1017 482 1017 482 1017 484 1017 484 1017 484 1017 486 1017 486 1017 486 1019 507 1037 557 1017 557 1017 559 1017 559 1017 561 1017 561 1017 561 1017 653 1035 711 1015 711 1015 713 1015 713 1015 715 1015 715 1015 715 1015 717 1015 788 1035 788 1035 788 1035 813 1015 813 1012 813 1012 815 1012 815 1012 815 1012 817 1012 817 1012 819 1012 873 1012 873 1012 873 1012 876 1012 876 1012 876 1012 878 1012 878 1012 878 1015 890 1025 959 1012 959 1012 961 1012 961 1012 961 1012 963 1012 963 1012 963 1012 965 1012 994 1033 1077 1010 1079 1010 1079 1010 1082 1010 1082 1010 1082 1010 1175 1033 1179 1085 1177 1112 1075 1102 1011 1112 996 1114 996 1114 994 1114 994 1114 994 1114 992 1114 992 1114 992 1114 988 1112 961 1100 913 1112 911 1112 909 1112 909 1112 907 1112 907 1112 907 1112 905 1112 905 1112 905 1112 905 1112 903 1112 903 1112 888 1100 821 1100 811 1112 807 1114 807 1114 807 1116 807 1116 805 1116 805 1116 803 1116 803 1116 803 1116 801 1116 801 1116 799 1116 778 1112 755 1106 740 1112 730 1116 730 1116 728 1116 728 1116 728 1116 726 1116 726 1116 724 1116 724 1116 724 1116 722 1116 715 1112 701 1102 634 1110 578 1119 578 1119 576 1119 576 1119 574 1119 574 1119 574 1119 557 1110 543 1104 484 1110 399 1121 399 1121 397 1121 95 1108"/></Shape>
	    <String CONTENT="Mais ie ſcay bien (ô tard) qu&#x27;il aduiendra,"
                    HPOS="93"
                    VPOS="1010"
                    WIDTH="1086"
                    HEIGHT="111"></String>
          </TextLine>

          
          
          <TextLine ID="eSc_line_df610aa5"
                    TAGREFS="LT555"
                    BASELINE="181 1189 1161 1175" 
                    HPOS="172"
                    VPOS="1104"
                    WIDTH="991"
                    HEIGHT="114">
            <Shape><Polygon POINTS="181 1189 172 1135 191 1119 191 1116 191 1116 193 1116 193 1116 195 1116 195 1116 195 1116 197 1116 197 1116 199 1116 199 1116 241 1131 353 1121 353 1121 355 1121 355 1121 416 1129 416 1129 416 1129 455 1112 455 1112 457 1112 457 1112 457 1112 459 1112 459 1112 461 1112 461 1112 461 1112 464 1112 464 1112 482 1129 501 1129 582 1129 584 1127 597 1114 597 1112 597 1112 599 1112 599 1112 599 1112 601 1112 601 1112 601 1112 603 1112 603 1112 686 1125 692 1125 697 1125 744 1108 747 1108 747 1108 747 1108 749 1108 749 1108 749 1108 817 1123 824 1123 830 1121 876 1106 878 1106 878 1106 878 1106 880 1106 880 1106 882 1106 882 1106 911 1116 980 1106 980 1106 982 1106 982 1106 982 1106 984 1106 984 1106 984 1106 986 1106 1002 1119 1007 1121 1017 1119 1071 1104 1073 1104 1073 1104 1075 1104 1075 1104 1075 1104 1077 1104 1077 1104 1107 1116 1113 1119 1154 1116 1161 1175 1163 1187 1119 1204 1119 1204 1117 1204 1117 1204 1115 1204 1115 1204 1021 1191 994 1208 992 1208 992 1208 990 1208 990 1208 990 1208 871 1210 869 1210 869 1210 867 1210 867 1210 832 1196 672 1212 672 1212 670 1212 457 1202 420 1216 420 1216 418 1216 418 1216 418 1216 416 1216 416 1216 414 1216 414 1216 414 1216 382 1202 320 1202 276 1218 276 1218 274 1218 274 1218 274 1218 272 1218 272 1218 178 1202"/></Shape>
	    <String CONTENT="Que mes trauaux perdus elle pleindra"
                    HPOS="172"
                    VPOS="1104"
                    WIDTH="991"
                    HEIGHT="114"></String>
          </TextLine>

          
          
          <TextLine ID="eSc_line_022fc0b9"
                    TAGREFS="LT555"
                    BASELINE="178 1281 1263 1268" 
                    HPOS="168"
                    VPOS="1191"
                    WIDTH="1095"
                    HEIGHT="133">
            <Shape><Polygon POINTS="178 1281 168 1220 181 1208 181 1206 181 1206 183 1206 183 1206 183 1206 185 1206 185 1206 185 1206 187 1206 187 1206 187 1206 237 1218 251 1220 532 1220 551 1210 555 1206 557 1206 557 1206 559 1206 559 1206 559 1206 561 1206 561 1206 586 1208 645 1216 680 1206 715 1196 717 1196 717 1196 719 1196 719 1196 719 1196 722 1196 722 1196 742 1204 765 1214 780 1204 786 1198 786 1198 788 1198 788 1198 788 1198 790 1198 790 1198 792 1198 792 1198 792 1198 794 1198 811 1202 834 1210 846 1202 853 1196 853 1196 855 1196 855 1196 857 1196 857 1196 857 1196 859 1196 859 1196 861 1196 861 1196 861 1196 863 1196 869 1202 890 1214 1034 1196 1079 1191 1079 1191 1082 1191 1082 1191 1084 1191 1096 1196 1146 1210 1188 1191 1190 1191 1190 1191 1192 1191 1192 1191 1194 1191 1258 1191 1263 1268 1263 1310 1146 1312 1144 1312 1144 1312 1144 1312 1129 1310 1069 1295 1044 1308 1044 1308 1044 1308 1042 1308 1042 1308 1042 1308 1042 1308 905 1312 903 1312 903 1312 901 1312 901 1312 901 1312 890 1308 876 1300 832 1308 778 1316 778 1316 776 1316 776 1316 776 1316 774 1316 774 1316 749 1306 724 1295 707 1306 688 1318 686 1318 686 1318 686 1318 684 1318 684 1318 684 1320 586 1320 584 1318 584 1318 582 1318 582 1318 582 1318 553 1304 538 1297 389 1297 380 1302 345 1322 345 1322 345 1322 343 1322 343 1322 343 1324 297 1324 295 1322 295 1322 293 1322 293 1322 243 1302 243 1302 178 1302"/></Shape>
	    <String CONTENT="Lors q̃ mes mors par la Mort prẽdrõt ceſſe."
                    HPOS="168"
                    VPOS="1191"
                    WIDTH="1095"
                    HEIGHT="133"></String>
          </TextLine>

          
          
          <TextLine ID="eSc_line_6de146fd"
                    TAGREFS="LT557"
                    BASELINE="447 1364 740 1368" 
                    HPOS="445"
                    VPOS="1304"
                    WIDTH="295"
                    HEIGHT="72">
            <Shape><Polygon POINTS="447 1364 445 1308 738 1304 740 1368 738 1372 445 1376"/></Shape>
	    <String CONTENT="CHANT."
                    HPOS="445"
                    VPOS="1304"
                    WIDTH="295"
                    HEIGHT="72"></String>
          </TextLine>

          
          
          <TextLine ID="eSc_line_f69faf2d"
                    TAGREFS="LT555"
                    BASELINE="91 1462 753 1458" 
                    HPOS="83"
                    VPOS="1383"
                    WIDTH="670"
                    HEIGHT="108">
            <Shape><Polygon POINTS="91 1462 83 1404 118 1385 118 1385 118 1385 120 1385 120 1385 122 1385 224 1385 224 1385 224 1385 226 1385 226 1385 226 1385 228 1385 228 1387 247 1401 247 1401 366 1401 453 1401 522 1383 524 1383 524 1383 526 1383 749 1399 753 1458 751 1472 667 1487 667 1487 665 1487 665 1487 665 1487 663 1487 663 1487 634 1474 632 1474 628 1476 599 1487 599 1487 597 1487 597 1487 595 1487 384 1480 266 1476 237 1483 212 1489 210 1489 210 1489 210 1491 137 1491 135 1489 135 1489 133 1489 133 1489 133 1489 131 1489 131 1489 131 1487 126 1485 118 1476 93 1485"/></Shape>
	    <String CONTENT="Ie ſuys contraint d&#x27;estimer,"
                    HPOS="83"
                    VPOS="1383"
                    WIDTH="670"
                    HEIGHT="108"></String>
          </TextLine>

          
          
          <TextLine ID="eSc_line_a9178a98"
                    TAGREFS="LT555"
                    BASELINE="178 1551 445 1547" 
                    HPOS="170"
                    VPOS="1483"
                    WIDTH="275"
                    HEIGHT="89">
            <Shape><Polygon POINTS="178 1551 170 1505 195 1485 195 1485 197 1485 197 1485 197 1485 199 1485 199 1485 201 1485 247 1485 247 1485 247 1485 249 1485 249 1485 249 1485 251 1485 251 1487 268 1501 270 1501 274 1499 335 1483 337 1483 337 1483 339 1483 339 1483 339 1483 341 1483 341 1483 341 1483 364 1495 374 1499 439 1491 445 1547 443 1555 310 1572 310 1572 307 1572 307 1572 305 1572 305 1572 276 1562 268 1560 178 1564"/></Shape>
	    <String CONTENT="Et aymer"
                    HPOS="170"
                    VPOS="1483"
                    WIDTH="275"
                    HEIGHT="89"></String>
          </TextLine>

          
          
          <TextLine ID="eSc_line_5d3a7e6b"
                    TAGREFS="LT555"
                    BASELINE="183 1643 1023 1634" 
                    HPOS="178"
                    VPOS="1570"
                    WIDTH="845"
                    HEIGHT="108">
            <Shape><Polygon POINTS="183 1643 178 1595 274 1578 276 1578 368 1591 384 1576 384 1574 387 1574 389 1574 391 1574 507 1591 545 1578 595 1591 597 1589 611 1576 613 1576 615 1576 618 1576 676 1587 724 1574 726 1574 728 1574 730 1574 776 1587 780 1587 784 1587 861 1572 863 1572 865 1572 898 1582 934 1570 936 1570 938 1570 1019 1584 1023 1634 1023 1661 936 1670 934 1670 932 1670 930 1670 930 1668 921 1661 907 1647 863 1647 848 1661 840 1668 840 1670 838 1670 836 1670 786 1672 784 1672 782 1672 757 1659 742 1653 686 1659 557 1674 555 1674 553 1674 522 1657 507 1651 395 1651 389 1655 382 1661 380 1661 378 1661 376 1661 341 1655 326 1653 322 1655 303 1674 303 1676 301 1676 299 1676 299 1678 262 1678 260 1676 258 1676 255 1676 228 1655 224 1653 183 1653"/></Shape>
	    <String CONTENT="Ce, qu&#x27;en vous i&#x27;ay peu comprendre"
                    HPOS="178"
                    VPOS="1570"
                    WIDTH="845"
                    HEIGHT="108"></String>
          </TextLine>

          
          
          <TextLine ID="eSc_line_97871d5e"
                    TAGREFS="LT555"
                    BASELINE="178 1728 855 1734" 
                    HPOS="174"
                    VPOS="1657"
                    WIDTH="683"
                    HEIGHT="111">
            <Shape><Polygon POINTS="178 1728 178 1657 251 1661 251 1661 253 1661 253 1661 253 1661 255 1661 255 1661 255 1664 268 1676 418 1676 432 1666 439 1659 439 1659 441 1659 441 1659 441 1659 443 1659 443 1659 445 1659 482 1659 482 1659 482 1659 484 1659 484 1659 484 1659 486 1659 499 1668 513 1676 561 1670 593 1666 593 1666 595 1666 595 1666 597 1666 597 1666 613 1672 632 1678 655 1672 684 1666 686 1666 686 1666 688 1666 688 1666 688 1666 690 1666 719 1676 728 1678 732 1676 744 1664 744 1661 744 1661 747 1661 747 1661 747 1661 749 1661 749 1661 751 1661 790 1661 790 1661 790 1661 792 1661 792 1661 792 1661 794 1661 794 1661 794 1664 807 1676 821 1668 821 1668 821 1668 824 1668 824 1668 824 1668 826 1668 826 1668 828 1668 828 1668 857 1680 855 1734 851 1753 794 1747 780 1753 753 1765 753 1765 753 1765 751 1765 751 1765 751 1768 630 1768 628 1765 628 1765 538 1749 518 1745 511 1747 482 1763 482 1763 482 1763 480 1763 480 1763 480 1765 428 1765 426 1763 426 1763 345 1745 335 1743 324 1745 285 1755 282 1755 282 1755 280 1755 280 1755 174 1740"/></Shape>
	    <String CONTENT="Tant excellent &amp; parfait,"
                    HPOS="174"
                    VPOS="1657"
                    WIDTH="683"
                    HEIGHT="111"></String>
          </TextLine>

          
          
          <TextLine ID="eSc_line_29160c91"
                    TAGREFS="LT555"
                    BASELINE="183 1820 503 1824" 
                    HPOS="178"
                    VPOS="1743"
                    WIDTH="325"
                    HEIGHT="108">
            <Shape><Polygon POINTS="183 1820 181 1759 332 1743 332 1743 335 1743 335 1743 337 1743 337 1743 337 1743 339 1743 339 1743 339 1745 339 1745 353 1761 355 1761 357 1761 409 1745 412 1745 412 1745 412 1745 414 1745 414 1745 416 1745 416 1745 416 1745 418 1745 443 1761 445 1763 501 1763 503 1824 497 1851 468 1836 414 1836 401 1849 399 1849 399 1851 399 1851 397 1851 397 1851 397 1851 395 1851 395 1851 395 1851 393 1851 393 1851 391 1851 376 1847 326 1834 289 1834 278 1844 274 1847 274 1849 274 1849 272 1849 272 1849 272 1849 270 1849 270 1849 270 1849 268 1849 178 1840"/></Shape>
	    <String CONTENT="Qu&#x27;il ha fait,"
                    HPOS="178"
                    VPOS="1743"
                    WIDTH="325"
                    HEIGHT="108"></String>
          </TextLine>

          
          
          <TextLine ID="eSc_line_6c8e1733"
                    TAGREFS="LT555"
                    BASELINE="183 1909 934 1913" 
                    HPOS="178"
                    VPOS="1842"
                    WIDTH="758"
                    HEIGHT="100">
            <Shape><Polygon POINTS="183 1909 178 1857 220 1842 222 1842 222 1842 222 1842 224 1842 224 1842 226 1842 226 1842 226 1842 228 1842 228 1842 245 1857 247 1857 251 1857 314 1847 314 1847 316 1847 316 1847 316 1847 318 1847 355 1857 355 1857 357 1857 403 1842 405 1842 405 1842 405 1842 407 1842 407 1842 409 1842 409 1842 409 1842 441 1857 482 1842 482 1842 484 1842 484 1842 486 1842 486 1842 486 1842 489 1842 489 1842 489 1842 491 1842 491 1842 491 1844 505 1859 513 1859 640 1859 642 1859 670 1844 670 1844 670 1844 672 1844 672 1844 674 1844 674 1844 674 1844 676 1844 676 1844 678 1844 699 1857 717 1844 719 1844 719 1844 722 1844 722 1844 722 1844 724 1844 724 1844 724 1844 788 1859 790 1859 790 1859 873 1844 873 1844 873 1844 876 1844 876 1844 878 1844 936 1861 934 1913 930 1942 878 1932 807 1942 796 1942 796 1942 794 1942 794 1942 792 1942 792 1942 790 1942 751 1928 688 1938 688 1938 686 1938 686 1938 686 1938 684 1938 684 1938 682 1938 665 1928 563 1936 563 1936 561 1936 561 1936 499 1926 464 1936 461 1936 461 1936 461 1936 459 1936 459 1936 378 1926 366 1936 364 1938 364 1940 364 1940 362 1940 362 1940 362 1940 359 1940 359 1940 357 1940 357 1940 357 1940 339 1936 312 1930 303 1936 299 1940 299 1940 297 1940 297 1940 297 1940 295 1940 295 1940 295 1940 293 1940 178 1934"/></Shape>
	    <String CONTENT="Que voſtre ie me veux rendre."
                    HPOS="178"
                    VPOS="1842"
                    WIDTH="758"
                    HEIGHT="100"></String>
          </TextLine>

          
          
          <TextLine ID="eSc_line_f05d6cfc"
                    TAGREFS="LT555"
                    BASELINE="124 2003 774 2011" 
                    HPOS="120"
                    VPOS="1930"
                    WIDTH="654"
                    HEIGHT="127">
            <Shape><Polygon POINTS="124 2003 124 1930 285 1946 464 1938 466 1938 466 1938 468 1938 507 1948 522 1936 528 1932 528 1930 528 1930 530 1930 530 1930 530 1930 532 1930 532 1930 534 1930 534 1930 534 1930 536 1930 557 1936 578 1942 590 1936 605 1930 605 1930 605 1930 607 1930 607 1930 609 1930 682 1932 682 1932 682 1932 684 1932 684 1932 684 1932 686 1932 695 1938 711 1951 771 1940 774 2011 769 2038 701 2034 690 2040 667 2055 665 2055 665 2055 665 2055 663 2055 663 2055 663 2057 613 2057 611 2055 611 2055 609 2055 561 2040 530 2032 497 2040 453 2052 451 2052 451 2052 449 2052 449 2052 449 2052 447 2052 447 2052 447 2052 426 2042 405 2030 384 2042 370 2050 368 2050 368 2050 366 2050 366 2050 366 2050 364 2050 364 2050 364 2050 362 2050 362 2050 359 2050 359 2050 349 2042 332 2030 310 2042 307 2042 307 2042 307 2042 305 2042 305 2042 305 2042 303 2042 303 2042 297 2042 212 2028 187 2042 185 2044 183 2044 183 2044 181 2044 181 2044 181 2044 178 2044 120 2042"/></Shape>
	    <String CONTENT="Chacun iugeant du dehors,"
                    HPOS="120"
                    VPOS="1930"
                    WIDTH="654"
                    HEIGHT="127"></String>
          </TextLine>

          
        </TextBlock>
        
        <TextBlock HPOS="1169"
                   VPOS="2021"
                   WIDTH="106"
                   HEIGHT="81"
                   ID="eSc_textblock_2103f383"
                   TAGREFS="BT1667">
          <Shape><Polygon POINTS="1275 2038 1267 2102 1169 2102 1169 2046 1202 2021"/></Shape>
          
          
          <TextLine ID="eSc_line_9bcf87e1"
                    TAGREFS="LT555"
                    BASELINE="1173 2094 1269 2090" 
                    HPOS="1165"
                    VPOS="2013"
                    WIDTH="104"
                    HEIGHT="102">
            <Shape><Polygon POINTS="1173 2094 1165 2028 1196 2013 1196 2013 1198 2013 1198 2013 1198 2013 1200 2013 1200 2013 1265 2023 1269 2090 1267 2113 1173 2115"/></Shape>
	    <String CONTENT="Et"
                    HPOS="1165"
                    VPOS="2013"
                    WIDTH="104"
                    HEIGHT="102"></String>
          </TextLine>

          
        </TextBlock>
        

        
      </PrintSpace>
    </Page>
  </Layout>
</alto>
