1459 2480
146 99 96 95 48

546 88 461 83 ERREVRS

304 181 778 106 Enuers vous est trop honneste.

217 274 693 112 Puis que mon ardent deſir

302 367 372 102 Ueult choiſir,

306 458 708 110 En vous l’heur de ſa penſee,

302 560 681 93 Ie ne demande qu'vn bien:

312 644 395 106 C'est, qu'en rien

306 735 621 106 Uous n'en ſoyez offenſee.

225 826 695 106 Uſez (Madame) ſur moy

302 915 267 108 De la loy,

304 1010 697 103 Donne à celuy qui ayme:

306 1105 577 95 Et vous estimez auoir

304 1198 337 93 Du pouuoir,

304 1277 863 115 Plus ſur moy que ſur vous meſme.

219 1463 950 111 Quand pres de toy le trauail ie repoſe

581 1392 281 69 SONET.

306 1558 1003 97 (Seule en ce monde image de merueille)

302 1649 979 105 Du long ſoucy, qui mon penſer reueille,

298 1738 1061 109 Et qu'Amour ditte au parler, quelque choſe:

213 1831 873 105 Ie voy ta face en teint naïf de roſe,

304 1922 981 117 Eſtre à la blanche, ou la rouge pareille,

1256 2017 126 93 Ores
