1444 2490
286 87 626 91 AMOVREVSES.

1202 97 69 87 49

114 180 874 118 Ores paſlir, puis deuenir, vermeille.

116 282 1032 108 Tant au changeant ta couleur ſe diſpose.

31 369 962 120 Uoy, que quand l'air ſon arc diuerſifie.

105 462 859 108 En cent, & cent couleurs, il ſigniſie

99 551 1045 115 Le temps prochain humide & pluuieux.

29 645 903 112 Seroit donc bien en l'air de ton viſage

118 732 1043 124 Ce teint chãgeant, quelq̃ facheux preſage,

124 834 1018 108 (Ainſi qu'Iris) au pleuuour de mes yeux?

382 931 276 83 SONET.

31 1012 962 110 Puis que la mer de mon triste pleurer

108 1105 1061 106 Ne mouille plus mes yeux en ma tristeſſe,

110 1199 1059 112 Puis que l'effort de ma grãde ardeur ceſſe,

114 1290 874 112 (Las d'exhaler eſprit) au ſouſpirer:

29 1390 893 108 Puis que deſir ne peult plus aſpirer,

105 1479 900 108 Pour me tromper en ſa vaine lieſſe,

112 1570 1082 104 Et qu'au tormẽt, qui maintenant me preſſe,

112 1653 970 121 Mn foible eſpoir ne peult plus eſperer:

31 1753 1095 112 Ie croy qu'Amour prend en mon mal plaiſir,

110 1838 1036 118 M'ostant eſpoir, pleurs, ſouſpirs, & deſir,

116 1929 862 119 Qui allgeoient ma viue maladie.

841 2039 54 116 D

1036 2037 171 98 Dont
