1459 2480
153 103 84 87 50

558 90 460 77 ERREVRS

221 179 1060 106 Dont pour vomir mon dueil en mes eſcris,

312 272 832 91 I'excederay les lamentables cris,

316 373 842 92 D'une dolente, & funebre Lidie,

227 543 1020 105 Lors fut Nature & dextre, & diſpoſee,

538 467 505 80 EPIGRAMME.

231 642 952 93 A bien former vn œuure ſouuerain,

231 733 985 91 Quand elle mit à ma Dame la main,

231 822 884 99 Suiuant l’idee au ciel ia compoſee.

233 913 981 105 Tant la rendit ſage honneſte, & poſee,

225 1004 865 103 Belle au perfait de ſon inuention,

237 1099 861 101 Qu'elle eut esté ſans imperfection,

229 1186 927 107 Ne fust ſon cœur de ſi gelante glace,

235 1275 996 107 Que mon ardente, & chaude affection

235 1370 1097 109 Ne peut dedens, tant ſoit peu, trouuer place.

240 1550 978 105 Heureux le moys, heureuſe la iournee,

608 1473 288 81 SONET.

335 1643 1032 103 Heureuſe l’heure, & heureux le moment,

322 1733 1045 102 Heureux le ſiecle, heureux le firmament,

331 1824 1055 114 Souz qui ma Dame heureuſemẽt fut nee.

246 1911 834 132 Heureuſe ſoit l'heureuſe destinee,

1252 1992 157 116 De l'a
