1444 2490
309 103 619 87 AMOVREVSES.

1231 118 66 86 51

135 192 1018 115 De l'astre heureux, lequel heureuſement

128 300 1014 100 Faiſoit ce iour ſon heureux mouuement,

126 390 975 99 Sur toute eſtoille en bon aſpect tournee.

39 483 1012 98 Heureux ce monde auquel elle ſeiourne,

130 572 890 92 Et le Soleil, qui autour d'elle tourne,

130 653 831 108 En s'eclipſant à l'obiect de ſa veüe.

43 757 925 95 Moy malheureux en mon affection,

137 848 752 106 Qui n'eſiouis ma triſte paßion,

137 935 1068 110 La cõgnoiſſant de ſi grand heur pourueüe.

407 1037 276 75 SONET.

45 1116 1016 104 Le doulx regard, & le parler d’Heleine,

135 1209 1084 104 Te font heureux: et haulte eſt ma fortune,

135 1301 997 107 Quand ie me ſens affable, & opportune

135 1392 930 106 Celle qui est plus diuine qu'humaine.

45 1481 1130 108 Un grand malheur te donne eſtrange peine,

135 1568 1084 110 Quãd tõ iour fuit chaßé de la nuict brune,

132 1662 877 107 Et ſur le ſoir le ſerain de ma Lune,

128 1765 908 83 Piteuſement à lamenter me meine.

51 1840 1002 116 Heleine est belle en ſa doulceur benigne,

137 1940 1032 118 Ma Lune eſt claire en ſa beauté diuine:

839 2039 129 114 D2

1111 2039 114 131 I'ay
