1432 2480
126 101 107 107 52

540 93 461 82 ERREVRS.

300 181 964 104 I'ay bien & mal, tu as heur & ſoucy.

213 274 941 120 Mais ſi fault il, amy, que ie confeſſe,

308 378 1014 103 Que i’ay ſeruant plus louable maistreſſe,

302 458 1088 116 Plus d’heur que toy, plus de malheur außi.

589 576 282 70 SONET.

213 638 1146 118 De quoy me ſert, quand la douleur me preſſe,

300 737 1045 102 Blaſmer ainſi mon destin, & les Dieux,

304 832 1012 89 Dire tout astre, & la terre, & les cieux

306 921 910 110 Eſtre inclinez à ma grieue triſeſſe?

215 1008 1065 114 Le grand pouuoir de la hault ne ſe baiſſe,

300 1109 1022 97 Pour m'enuoyer iuſques en ces bas lieux,

306 1198 1076 101 Mais mõ ennuy viẽt de vous ſeuls, mes yeux,

304 1283 1070 114 Quand trop hardis vous vistes ma Deeſſe.

225 1380 917 93 L'Amour estoit ce iour caché dedens

308 1467 1076 97 Ces deux beaux yeux, ou bien ſoleils ardẽs,

302 1556 1080 118 Deſquelz, mal cauts ſouſtintes les regards.

217 1651 958 109 Lors le cruel par vous au cœur paſſa,

308 1744 908 107 Et tant de fois de ſes traitz le bleſſa,

312 1837 1049 116 Qu'encor de mal ie pleins ie pleure, & ars.

1311 1928 69 80 SO
