1444 2490
328 139 617 80 AMOVREVSES.

1221 151 65 93 53

415 244 276 73 SONET.

54 321 1059 112 Au temps premier, qu'Amour ſe vint loger

128 412 977 108 Au lieu plus hault de ma libre penſee,

128 504 879 108 Ie la ſentois de dueil tant diſpenſee,

132 601 913 104 Qu'il n'auoit eu pouuoir de l'outrager.

37 688 1037 104 Mais tout ſoudain que de ſon trait leger,

122 780 987 106 Ce Dieu rendit mon ame au vif bleſſee

122 854 758 119 Si rudement, elle fust offenſee,

122 962 993 110 Et mon vouloir commença de changer.

29 1047 972 108 Las, qu'áy ie dit? Amour ne m'offenſa

114 1141 1039 116 Quand en mon cœur ſecrettement paſſa,

116 1232 1072 93 Mais me rendit barilremẽt bien heureux.

29 1319 1053 112 Ce que iestois, quand ma langue diſcrette,

114 1419 843 83 Sauoit celer & tenir bien ſecrette

112 1502 1020 110 L'ardeur du feu, qui me fait amoureux.

392 1618 277 73 SONET.

29 1678 1130 127 Quand le doux fruit, ſur qui ma foy s'aſſeure,

108 1772 926 118 De compenſer ma languiſſante peine

110 1861 1022 120 S'offre au diſcours d'eſperance haultaine,

112 1956 964 133 Laquelle fait en mes penſers demeure,

1070 2043 118 108 La

810 2068 133 94 D3
