1432 2480
151 119 84 126 54

550 109 453 83 ERREVRS

215 196 1003 118 La hardieſſe, au parauant mal ſeure,

312 285 1043 122 Du doulx eſpoir de mon grãd deſir pleine

308 400 1003 91 Deuant tes yeux à lamenter me meine

308 487 1024 106 De ta rigueur, qui conſent que ie meure.

225 570 902 109 Mais au rayer de ſes ſoleilz ie ſens

316 669 871 98 Si viuement ſe conſumer mes ſens,

318 748 925 117 Que le parler meſme m'est deffendu.

229 845 803 113 Dont ie ne puis (ô forte paßion)

316 934 915 109 Te deſcouurir ma grande affection.

322 1033 836 103 Si me taiſant, ie ne ſuis entendu.

606 1116 287 97 S0NET.

237 1209 872 101 Ta chasteté cruelle innocemment

322 1295 1066 110 Fut dens mõ cœur à mõ dõmage empreĩte,

329 1392 1053 100 Lors que l'ardeur triompha de la craintte,

337 1481 1018 102 Ouurant la bouche à dire mon torment.

252 1576 925 118 Ce fut alors, que par trop hardiment

329 1676 902 95 Eſtant forcé de volunté contrainte,

331 1758 943 104 Ie deſcouuris la deloureuſe eftrainte,

341 1849 987 112 Qui m'estraingnoit l'ame ſi fermement.

248 1948 828 124 Helas! i'eſtois de deſirer tant las,

1303 2002 100 122 Que
