1481 2490
338 103 636 96 AMOVREVSES.

1260 114 67 80 55

166 197 970 122 Que mon trauail ſouſpirant ceſt helas,

159 296 960 108 L’humble parler à la langue ottroya.

89 385 1038 117 Quand ton chaſte œil cruellement piteux,

166 483 918 106 Accompagné d'un nenny deſpiteux,

164 564 980 116 D'un de ſes traitz à mort me foudroya.

436 678 284 71 SONET.

76 742 929 114 L'astre diuin, lequel à ma naiſſance

159 842 985 97 Fut aſcendent ſur tous en l’hemiſphere,

162 935 1082 106 Souz qui mõ ame heur, ou malheur eſpere,

162 1025 976 110 Comme il plaira à ſa grande puiſſance,

76 1116 858 112 Luit à preſent par celeſte alliance,

162 1201 1142 116 En ton hault chef, nõ pas chef, mais la ſphere,

164 1303 1022 101 Ou bien le Ciel, qui mon vouloir tempere,

168 1394 885 97 Et mon eſpoir nourit, ou deſauance.

83 1483 772 102 O Ciel eſlus, haultement decoré,

168 1579 889 87 Pour zodiaque & diuine demeure,

159 1660 1066 109 De ce ſaint Astre, & immortelle eſſence!

78 1757 819 98 O moy heureux de l'auoir adoré,

166 1844 1065 108 Et plus heureux, puis quil fault q̃  ie meure,

170 1940 935 124 Par le pouuoir de ſa ſainte influence!

1171 2050 69 76 SO

859 2035 144 104 D4
