1432 2480
140 99 85 95 56

558 88 453 79 ERREVRS

583 188 284 84 SONET.

219 272 1146 100 Au maniment de ſes deux mains marbrines

302 363 819 120 Deſſus le lut, ou deſſus leſpinete,

308 458 1001 102 Et au mouuoir tant ſoudain & honeſte

302 549 997 104 De ſes dix doiges bordez de perles fines:

215 646 875 85 Quis au ſortir des paroles diuines.

310 731 966 93 Tors des coraux de ceſte bouche nette.

308 824 1043 106 I oy vn doux ſon ſdamé qui mamonneſte.

318 923 936 95 Que ie verray tes cruautez benignes.

229 1010 900 97 Car il n’y ha creature en ce monde,

310 1103 973 97 En qui rigueur, ou fierté tant abonde,

318 1188 942 103 Qüon madouciſt auec telle harmonie.

227 1281 1093 111 Dont il faudra (Amour tu m'en fais ſeur)

322 1378 927 91 Que puis qu'en toy loge telle doulceur,

310 1465 923 105 La rigueur ſoit en fin de toy banmie.

527 1570 503 73 EPIGRAMME.

316 1649 873 100 Entour ce feu, figure de ma peine,

237 1738 973 105 Allegrement ma Dame ſe promeine:

318 1831 979 88 Et dens mon cœur ſlame plus violente,

235 1915 1095 126 Fait que touſiour ſa beaulté m'est preſente.

1218 2012 172 108 Entour
