1481 2490
351 91 604 97 AMOVREVSES.

1254 89 84 95 57

168 186 927 123 Entour ce feu (comme indice de ioye)

95 282 1002 122 En grand plaiſir danſant elle tournoye:

168 381 932 104 Et elle encor de mon piteux martire,

89 462 1034 119 Et de ma grande ardeur ne fait que rire.

168 551 1013 121 Mais las, ce feu demain ſera en cendre,

91 641 1097 128 Et ma douleur iamais fin ne peult prendre.

452 749 281 93 SONET.

95 827 1039 119 De toute erreur par toy iamais commiſe,

180 917 1006 120 Tu as pardon (langue à ce coup diſerte)

182 1014 1031 104 Puis que par toy l'ardeur est deſcouuerte,

180 1101 981 114 Dont viuement mon ame eſtoit eſpriſe.

99 1191 981 120 Par l'œil premier (& certes ie len priſe)

186 1284 931 104 Ma liberté fut à ma Dame oſſerte:

184 1384 979 103 Et tu n'eſtois (craintiue) point ouuerte,

191 1467 907 114 A declairer le feu, qu'Amour attiſe.

105 1560 1081 112 Si non ce ſoir, qu'il plut tant d’heur ſur moy,

195 1660 934 107 Qu'elle à la fin, par vn ie ne ſcay quoy,

186 1736 1066 121 De ſa doulceur t'eſmut à prendre audace.

110 1836 1100 112 Or fais donc (langue) or fais donc ton office,

205 1933 920 119 A preſenter humblement ce ſeruice,

1125 2008 174 109 Pour

882 2036 136 83 D5
