1481 2490
328 103 639 92 AMOVREVSES.

1244 112 68 83 59

159 192 821 129 Le temperé, lequel la nourriſſoit.

87 290 912 129 Quand ie ſentis deſir, qui me pouſſoit,

162 388 818 118 Accompagné de mon affection,

166 477 864 116 Pour deſcouurir ma triſte paßion,

164 562 930 131 Paßion, las, qui trop fort me preſſoit:

85 655 997 112 Donques preßé en ſin i'ouuris la bouche,

164 744 932 108 Me declairant à celle, qui me touche

153 836 918 114 Si viuement, quelle en ha deſplaiſir.

91 927 1038 120 O que vaine est toute humaine eſperance!

168 1022 957 115 Fortune print pour ſoy ma iouiſſance,

170 1105 1011 123 En m'eſlongant du Dieu de mon deſir.

461 1220 272 87 SONET.

93 1290 920 125 Tu me promis (ſi promettre i'apelle

182 1386 952 112 De conſentir à mon humble requeſte)

184 1473 1015 112 Quand à ces blondz fillez d'or de ta teſte,

186 1564 877 114 Ie donnois pris ſur toure choſe belle,

101 1657 1051 117 Me faire part, pour memoire immortelle

191 1751 982 104 Du doulx lien, qui ton ſubiet m'arreſte,

195 1838 1049 110 De tes cheueux, ausq̃lz Amour s'appreſte,

195 1940 966 118 Pour m'enlacer en leur creſpe cautelle.

1105 2004 186 120 Deſia
