1481 2490
324 99 625 91 AMOVREVSES.

1231 89 69 99 61

153 180 862 135 Cruelle enuie, il fault que ie periſſe,

149 280 940 112 Tu veux fermer donc la voye à pitié?

70 373 843 118 Donc tu deſioints vn lien d'amitié,

149 466 970 117 Auquel le ciel c'eſtoit monſtré propice:

143 551 964 119 Tu ne veux donc que mon deſir iouiſſe

147 649 1001 108 Du doulx rencontre en fin de ſa moytié.

60 740 1150 108 Mais puis qu'au mal d'autruy tu te contentes,

149 842 947 97 Contraires ſoient à toutes tes attentes,

143 923 951 102 Faueur humaine, & la bonté diuine.

66 1014 1151 110 Et mon deſſeing tant heureux fruit me rende,

147 1108 1026 107 Qu'à ton malgré ma moytié condeſcende

151 1195 1037 118 A r'aſſembler l'amoureuſe Androgyne.

423 1309 281 72 SONET.

62 1375 1146 108 Ha bien permis ma Dame (helas) trop dure,

155 1471 968 108 Que lon me vint ſi fierement deffendre

149 1560 1118 110 De ne plus viure, au moins de ne plus prẽdre

151 1660 856 101 Ce qui m'estoit vnique nourriture?

64 1753 964 106 Las c'eſt par toy, qui dis, que ie procure

157 1834 1072 108 A luy noircir l’honneur, & fais entendre

162 1929 1024 121 Que ie ne veux (mordente enuie) tendre.

1115 2016 139 112 Qu'à
