1446 2480
161 80 76 108 62

552 99 449 74 ERREVRS

318 181 999 110 Qu'à la tromper ſouz chaſte couuerture.

225 276 1154 108 Uengez moy, Dieux, faites pleuuoir voſtre ire,

312 378 1059 93 Peſte famine, & guerre, & tout martyre,

312 471 1042 89 Sur ce cruel ſiecle inique, ou nous ſommes:

227 558 1018 99 Meſmes ſur ceux voſtre rigueur tonner,

316 646 978 100 Qui malgré moy, me font abandonner

314 733 1059 108 Les tẽples ſaints, pour la crainte des hõmes.

595 841 284 78 SONET.

221 911 873 107 Bien mille fois du font de ta vertu,

314 1008 974 101 Par tes beautez tant largement vnies,

310 1101 875 97 En rares traitz des graces infinies

306 1196 928 101 Ie fuz auant qu'eſtre pris, combatu.

219 1285 929 97 Et ſoux ton ioug maintenant abatu,

308 1374 862 103 Ie ſens en moy toutes forces finies,

304 1469 945 97 Fors que ie tiens mes penſees munies

308 1554 1038 101 Du meſme effort, dont tu mas tant batu.

225 1647 1074 103 Car tes beautez, graces, & vertus ſaintes,

306 1744 1069 91 Sont tellemẽt dedẽs mon ame empraintes,

310 1814 970 118 Qu'autres diſcours ie ne puis dicourir.

215 1915 999 124 Donc languiſſant ſous la dure deffenſe

1297 2006 93 95 De
