1457 2490
307 95 629 83 AMOVREVSES.

1203 83 90 101 63

126 184 928 112 De ne te voir, pour ne te faire offenſe,

128 278 888 114 Le ſeul penſer me garde de mourir.

47 454 961 116 Lenfant. Amour durement deſcocha

406 394 280 62 SONET.

132 551 1048 106 Contre mon cœur, & luy fit playe grande,

130 641 1032 108 Et puis ſes yeux deſcouurit de leur bande,

130 732 1026 110 Pour vour ſon coup, & de pres s'approcha.

49 819 957 106 Quand il eut veu l'endroit, il ſe faſcha,

132 917 930 99 Ie dy l'endroit, d'ou ſanté ie demande:

132 1006 965 106 Uiença (dit il) viença, que ie te bande,

130 1097 1036 91 Lors le cruel, comme on void, me boucha.

65 1188 1035 110 Car congnoiſſant la grand' beauté diuine,

136 1284 887 102 De ma Déeſſe, il me repute indigne,

139 1373 1085 110 Que ie la ſerue, & la veult pour ſoymeſme.

49 1464 1067 108 Parquoy priua mes yeux de congnoiſſance

139 1558 958 104 Par ſon eſtrange & cruelle puiſſance,

141 1651 1042 108 Me fait aymer ſans voir celle, que i'ayme.

413 1747 284 87 SONET.

62 1823 770 115 Si l’astre, guide à ma fatalité,

149 1915 913 130 En m'influant ſon destin fauorable,

1102 2002 134 124 Me
