1457 2490
1243 107 64 96 65

325 103 638 96 AMOVREVSES.

134 197 966 114 Par vn ſouriz me promist la victoire.

49 292 976 112 Et me laiſſant baiſer ſa blanche main,

132 400 968 89 Me fit recueil ſi tendrement humain,

136 481 947 106 Que d'autre bien deſpuis ie n'ay veſcu.

49 566 1111 114 Mais eſprouuant vn trait d'œil, ſa doulceur

132 668 970 97 Si viuement me vint toucher au cœur,

141 759 1048 106 Que penſant vaincre, en fin ie fuz vaincu.

413 854 284 88 SONET.

43 937 980 104 Fortune en fin piteuſe à mon torment,

128 1027 915 103 Me fit reuoir le Soleil de mes yeux,

136 1129 1080 99 Alors qu'Amour me traittãt encor mieux,

132 1213 891 98 Me fit iouir de mon contentement.

39 1301 909 101 O iour heureux eſclarci clairement,

130 1386 833 108 De mon Soleil! ô Soleil gracieux

130 1479 1055 114 Saint, & luiſant plus que celuy des cieux,

126 1574 932 104 Digne de luire en tout le firmament.

39 1662 980 112 Le grand plaiſir, que i'euz de toy iouir,

128 1759 947 96 Fit tellement mes deux yeux esblouir

132 1834 916 118 Au flamboier de tes viues ardeurs,

41 1938 1017 130 Que prenant peur de trop me contenter,

1004 2035 222 125 Content

830 2051 57 82 E
