1446 2486
109 128 86 93 66

506 103 458 102 ERREVRS

265 196 971 123 Content ie fuz loing de toy m'abſenter,

271 298 1019 110 Dont maintenant, helas, helas ie meurs.

184 482 936 112 Tu ne m'es pas de tes faueurs auare,

555 401 291 81 SONET.

275 573 978 112 (Ie t'en rens grace infiniment, Nature)

271 665 1067 105 Puis que la fieure en rien n'ha fait iniure

282 760 973 108 A la beauté ſur toutes beautez rare.

192 853 880 104 La terre außi e merciant ſe pare,

280 940 873 110 Et ſe reuest gayement de verdure,

282 1033 975 102 Comme prenant auec moy nourriture

284 1124 908 102 De ce Soleil, qu'à l'autre ie compare.

195 1213 916 114 L'air fait ceſſer ſes ybernales pleurs,

288 1298 1087 110 Les arbres vertz ꝓduiſent maintes fleurs,

288 1392 1089 114 Ou mille oyſeaux eſmeuuent doulces noiſes.

199 1481 1070 122 La Saone enflee au pleuuoir de mes yeux

290 1584 965 106 Par le paßé, en cours pleurs gracieux

300 1669 992 110 Uient arroſer noz riues Maſconnoiſes.

578 1771 285 83 SONET.

207 1849 836 112 I'ay haultement esté recompensé

298 1934 1094 139 Du dueil ſouffert, Dame, pour ton abſence,

1300 2034 89 87 Et
