1457 2490
336 105 629 85 AMOVREVSES.

155 209 1069 108 Et moins content ne m'ha fait ta preſence,

151 302 876 110 Que la perdant durement offensé.

74 400 1007 108 Quand (grace à toy qui m'en as diſpensé,

161 483 1064 114 Couſtume heureuſe, et faite en ma deffẽſe)

153 583 901 91 En inclinant treshumble reuerence,

147 668 834 103 Pour te baiſer ie me ſuis auancé.

62 757 1100 95 Iamais ne ſoit qu'au cœur le fuit ne touche,

149 852 961 92 Que i'ay cueilli de ta vermeille bouche:

141 944 886 99 Iamais d'aleine autre ie ne reſpire.

62 1035 1033 91 Autre chaleur ma ſoy iamais n'allume,

139 1120 1064 106 Et (ſoit diſante ou bien, ou mal) me plume

145 1218 1013 105 D'autre faueur iamais ne puiſſe eſcrire.

427 1317 266 83 SONET.

56 1396 1129 100 Ie crains qu'Amour trop ardent en mon cœur

143 1487 1090 110 (O Dieu permets, q̃ vain ſoit mon preſage.)

132 1570 1017 114 Fuſſe plus court le diſcours de mon aage,

136 1666 887 103 Que ſi i'estois moins d'elle ſeruiteur.

56 1763 923 102 Car s'il auient qu'amoureuſe vigueur

136 1844 1063 125 S'eſlongne d'elle, ou changeant ſon courage,

141 1940 808 135 Que le ſerain de ſon diuin viſage

865 2045 116 88 E2

1104 2041 132 106 Soit

1228 122 94 81 67
