1422 2486
124 91 77 128 68

516 101 462 85 ERREVRS

269 188 804 114 Soit obſcurci de cruelle rigueur,

186 287 972 106 La Mort ſera mon confort gracieux.

269 381 1082 99 Mais (las) ſi Dieu pour embelir les cieux,

273 468 985 103 Mettoit la fin à ſes bienheureux iours,

184 565 858 106 Ie ne voudrois apres elle ſuruiure.

296 654 1057 106 Car ne pouuant par mort au ciel la ſuiure,

292 749 947 110 Ce me ſeroit, viuant, mourir touſiours.

567 843 276 83 SONET.

190 928 1147 109 Quand de ta main, main priſon de ma peine,

275 1017 983 99 Si doctement les diuers ſons des cordes

275 1112 941 106 De l'eſpinette, ou du luth tu accordes

286 1201 1071 114 Au doulx concent, de ta voix tant ſeraine,

194 1288 927 114 Fais moy ce bien (ô diſerte Seraine)

283 1394 1008 95 Que de chanter mon mal tu te recordes,

281 1479 987 101 Mal engendré d'ennuyeuſes diſcordes,

283 1572 1000 114 Qui te font eſtre anſi de moy lointaine.

205 1669 1003 106 Car, par tes yeux flamboyans ie te iure,

288 1748 858 108 (Et par ceux là außi ie te coniure

288 1849 918 112 Le croire ainſi, & m'en eſtre piteuſe)

194 1939 927 128 Que, puis le iour, que liberé fut cloſe

1276 2024 92 95 De
