1457 2490
352 112 627 89 AMOVREVSES.

1253 130 69 79 69

157 203 945 124 De t'approcher, ie n'ay point ouy choſe,

163 307 968 114 Qu'horriblement ne me ſoit ennuyeuſe.

72 493 984 98 Non la douleur trop amerement aigre

442 417 276 68 SONET.

163 587 1071 101 Que i'ay, nauré du trait de ſes beaux yeux,

161 668 909 101 Me fait chercher les ſolitaires lieux

155 765 1038 104 Triste & penſif, miſerablement maigre.

68 854 1050 108 Pour elle ennuy m'eſt paſſetemps allaigre,

151 952 1002 100 Et tout grief mal m'eſt plaſſir gracieux:

149 1039 984 98 Mais c'eſt par toy, faux & malicieux

145 1122 1008 108 Peuple, habitant en la nouielle phlegre.

62 1215 1071 104 Ueuillez le außi, Dieux iuſtes, foudroyer,

145 1307 994 110 Puis que ſa force il veult tant employer,

147 1402 872 85 A me priuer & d'ami & d'amie.

64 1487 975 108 L'vn en ſes bras giſt mort cruellement,

143 1577 1031 114 L'autre craingnant ſon parler, fierement,

141 1662 1012 114 Se veult monſtrer ma mortelle ennemie.

417 1774 421 81 QVATRAIN.

145 1844 1031 112 Maulgré ſortune, & la mordente enuie,

147 1940 1056 128 Qui me pourront eflongner de ma Dame,

1095 2035 144 112 I'ad

873 2039 100 102 E3
