1446 2486
153 132 77 75 70

560 101 460 87 ERREVRS

300 192 882 116 I'adoreray & de l'oeil, & de l'ame,

317 290 913 120 Ce ſaint pourtrait, image de ma vie.

217 470 814 114 Ha elle bien ſi peu de iugement

589 366 286 108 SONET.

315 561 1056 110 (Tu me cõduis, ô doute en grãd blaſpheme)

311 658 1029 102 De ne congnoitre encor l'ardeur extreme

311 743 1078 112 Du feu d’Amour, qui me tient en torment?

226 841 977 111 Seul ie le ſens (helas) mais clairement

327 928 909 116 Chacun le iuge à mon viſage bleſme,

311 1029 931 102 Fors la cruelle incredule, que i'ayme,

319 1114 940 114 Qui ſon ſauoir auec le vray deſment.

226 1207 1047 112 Et tant en crainte il la me fault aymer,

325 1303 861 107 Que ſeulement ie ne l'oſe nommer,

319 1388 971 107 Pour ne noircir le blanc de ſon renom.

232 1477 983 116 Donc, ô ſcrupule en ma loy trop ſeuere,

321 1578 884 104 Il me ſuffit ſans plus que ie reuere,

319 1667 921 102 Tactitement ſon tetragramme nom.

614 1777 280 70 SONET.

238 1837 851 122 Il falloit donc la roue infatigable

334 1932 993 131 Du cercle tiers en autre aſpect tourner,

1338 2014 68 78 Et
