1457 2490
1277 98 70 76 71

363 83 622 85 AMOVREVSES.

186 182 926 102 Et de vertu moins ſaintement orner

176 263 1027 110 Les chastes traitz de ta beauté louable:

93 363 886 116 Il falloit donc à la force admirable

178 460 930 104 De ton eſprit, moins de grace donner,

176 549 959 104 Pour autre part le penſer destourner,

182 637 984 110 Qui te fait tant à mes deſirs aymable.

93 724 1148 120 Mais puis qu'il pleuſt au ciel à ma naiſſance,

182 819 826 108 Me deſtiner ſouz ton obeïſſance,

180 919 874 101 Pour reuerer tes elegantes mœurs:

97 1002 915 118 Blaſme mon aſtre, & ta perfection,

180 1097 863 110 Si pour t'aymer en trop d'affection

180 1193 1005 110 Deuant tes yeux piteuſement ie meurs.

469 1290 276 96 SONET.

101 1367 978 116 Tant dextrement ſes pas elle compaſſe,

195 1456 921 116 Quant à danſer par fois elle s'ingere,

195 1556 896 106 Et tant au bal diſpostement legere,

190 1647 926 102 Ses milles tours volte de bonne grace:

110 1736 921 112 Qu'on iugeroit, aupres d'elle eſtre laſſe

193 1823 1027 117 Du vray & faux la prompte meſſagere,

195 1917 1050 133 Qui des piedz touche au ſiege de Megere,

844 2028 108 92 E4

1093 2002 191 114 Et de
