1446 2486
149 120 75 83 72

516 78 465 93 ERREVRS

300 178 874 124 Et de ſon chef outre les nues paſſe.

207 277 855 116 Et toutesfois ie ne la vis onq eſtre

304 379 963 105 (Uoyez Amans, ſa cruauté) ſi dextre

296 466 959 111 En ſa plus viste & gaye promptitude,

236 551 1008 118 Comme au fuir de moy elle eſt ſoudaine,

302 642 1077 114 Quand ie luy veux faire entendre la peine,

304 735 938 122 Que i'ay viuant deſſouz ſa ſeruitude.

591 834 290 89 SONET.

215 913 973 116 I'ay tant crié, ô doulce Mort, renuerſe

311 1008 1072 116 Auec ce corps mon grief tormẽt ſouz terre,

309 1102 954 118 Que ie me ſens preſque finir la guerre

304 1193 903 114 De l'eſperance à mon deſir diuerſe.

228 1288 1062 112 Uoy, dame, voy, que les pleurs que ie verſe,

309 1375 923 118 Et les ſouſpirs ardens, que ie deſſere

311 1464 1062 110 Hors de mon cœur, et le traict ꝗ m'enſerre,

313 1559 875 112 Ueullent finir ſi dure controuerſe.

224 1649 1039 103 Mes pleurs ont ia tant d’humeur attiré,

317 1744 960 110 Et mes ſouſpirs tant d'ardeur reſpiré,

323 1825 1054 126 Et tãt de ſang ce traict m'ha fait reſpãdre,

236 1928 1075 141 Que ſans humeur, chaleur, ou ſang encore,

1337 2010 65 123 Ce
