1457 2490
336 97 620 95 AMOVREVSES.

1236 109 84 75 73

157 186 903 131 Ce peu d'eſprit, qui m'eſt reſté t'adore

153 278 1092 134 En ce corps ſec, froid paſle, et p̃ſque en cẽdre.

427 363 280 108 SONET.

78 471 999 112 A corps perdu ces Buffons dextrement

161 562 1071 118 Qui cà, qui là, qui hault, qui bas s'elancent:

149 647 1040 116 Or la Moreſque, or la Pyrriche danſent,

149 749 1102 110 Non ſans folaſtre, & plaiſant mouuement.

70 842 758 100 Et toutesfois à tel esbatement,

151 919 1054 112 Si ſobrement les doulx regards s'auancent

151 1010 1094 122 De tes doulx yeux, q̃ maints aßiſtãs pẽſent,

161 1116 918 108 Que tu y prens peu de contentement.

72 1203 855 110 Außi ie croy, que ton ame ſacree,

161 1294 953 108 A contempler plus hault ne ſe recree,

155 1379 864 115 Ou prend à gré ſi friuoles deduits.

72 1477 1007 97 Ou bien voyant le mal qui m'extermine,

155 1568 895 102 Et ma dolente, & miſerable mine,

163 1664 843 101 Tu es piteuſe à mes triſtes ennuis.

437 1761 272 87 SONET.

76 1836 945 102 De quoy me ſert n'auoir esté douteux

153 1929 984 123 De ta vertu (Dame) & de ta beauté?

1052 2008 199 129 Meſm

813 2023 120 112 E5
