1446 2486
178 101 83 87 74

545 80 459 87 ERREVRS

317 178 1004 109 Meſmes d'auoir ſaintement chaſte esté,

319 279 1004 100 Et en t'aymant pudiquement honteux?

232 366 875 102 Peuple barbare, inciuil, impiteux,

319 461 911 104 Sans foy aucune, inique, ſans bonté,

319 546 763 100 S'arme le ciel de fiere cruauté

321 642 973 103 Pour ſe monſtrer contre toy deſpiteux,

238 735 859 99 Tu vas cruel, enuieux, meſdiſant,

325 820 936 108 Mon chaſte cœur en vice deſguiſant,

323 919 975 98 Pour me priuer du bien, que ie merite.

236 1002 1025 108 Dont elle encor, qui ſeule me fait viure,

338 1097 832 108 Contente außi ton opinion ſuiure

327 1187 1048 114 Iuſque à mourir par ſes deſdains m'irrite.

549 1292 504 83 EPIGRAMME.

331 1369 928 110 Par tes deſdains, fiere, tu entreprens

246 1462 1000 106 De me contraindre à ne te plus aymer,

253 1549 877 102 Et t'adorant tant de peine ie prens,

253 1642 1072 108 Penſant d'amour ton froid cœur enflamer:

255 1738 927 105 Plus par rigueur tu penſes conſumer

257 1831 867 97 Mon amitié, & plus elle s'allume,

255 1914 1076 126 Plus tu es froide, & plus d'ardeur ie fume.

1257 1974 155 132 Ainſi
