1446 2486
170 107 91 91 76

560 87 462 95 ERREVRS

338 186 1035 114 Comme vexé de maint preſent dommage:

321 283 1098 114 Quãd pourtrais (dy ie au Flamã) ceſte image,

319 352 1070 124 Pour m'eſtre ſaint recours à tout encombre:

238 466 1135 109 Mais (non obſtant qu'il fuſt digne du nombre

323 571 1034 96 Des plus expers excellens de noſtre aage)

319 654 853 98 Il ne m'oſa promettre d'auantage

319 737 977 106 De retirer de ſes beautez, que l'ombre.

234 830 1039 106 Elle ha (dit il) tant de beautez enſemble,

323 913 946 116 Et au Soleil ſi luiſamment reſſemble,

329 1017 997 101 Qu'elle esblouit mes yeux de tous coſtez.

234 1106 979 107 Puis ayant peint l'ombre, me dit ainſi:

329 1189 776 116 Contente toy ſeulement de cecy,

327 1292 977 102 Qui paſſe encor toutes autres beautez.

603 1388 282 91 SONET.

236 1464 1008 106 Il ne fault point au Flaman reprocher,

323 1562 919 105 Et le iuger moins ſubtil en peinture,

325 1640 807 108 Si de tirer en ceſte pourtraiture

319 1738 1079 109 Les beaux traitz d'elle il ne peult aprocher.

240 1841 928 91 On ne me doit au ranc außi coucher

329 1926 919 127 Des ignorans, & taxer pour iniure,

1282 2009 114 108 Si ie
