1457 2490
298 95 638 89 AMOVREVSES.

1193 99 83 106 77

112 192 842 113 Si ie ne puis par diuerſe eſcriture,

114 280 867 114 Suffiſamment ſa louange toucher.

49 377 1086 116 Car au parfait de ſa grand beauté peindre,

118 468 1210 113 Ne pourroient pas les deux pinceaux atteindre,

120 554 892 118 L'un de Zeuſis, & l'autre d'Apelles:

35 651 836 106 Ni à louer ceſte ame tant gentile,

118 742 936 108 Seroit baſtant & l'un, & l'autre ſtyle,

116 830 1071 122 Du graue Sceue, et du doulx Saint gelays.

396 939 280 81 SONET.

39 1020 731 100 Elle m'occit, & ma diſcretion

114 1116 940 95 Me veult encor plus viuement occire:

116 1199 1060 112 I'ayme ardemment & ſi ne luy veux dire.

122 1296 841 104 O trop craintiue ardente paßion!

31 1379 809 112 Ie ſens l'ardeur de mon affection,

118 1473 842 108 Qui guide l'oeil ou le deſir me tire:

114 1572 971 98 La pouuant voir, mon regard ie retire,

120 1660 926 105 Quittant vn bien pour vne affliction.

39 1749 828 110 Tu me fais tort, ô diſcrette penſee,

122 1836 913 110 De craindre tant qu'elle ſoit offenſee,

128 1933 959 137 Que ie ne puys à me deſir complaire.

1093 1960 117 162 Elle
