1435 2486
126 101 112 116 78

526 91 463 101 ERREVRS

205 196 1012 118 Elle croira (comme elle eſt ſoupſonneuſe)

300 298 1058 108 Que ma façon feinte, & non dedaigneuſe,

294 391 1082 108 Soit peu d'amour, non peur de luy deſplaire.

588 490 289 77 SONET.

215 565 1047 106 Au long pener de mes douloureux iours

300 646 882 116 En t'adorant, Angeliquement belle,

298 758 977 103 Ie voys, ſuyuant mon erreur naturelle,

300 843 1058 112 Inceſſamment me perdre en mes dicours.

211 944 1076 102 Diuerſement mes penſers prennent cours,

311 1037 871 100 Car trauaillé de peine trop cruelle

300 1116 1041 114 Mon eſprit, las d'eſtre en priſon mortelle,

311 1207 1068 114 Cherche aux enfers, en terre et ciel, ſecours.

213 1296 1161 114 Ueillez donc, Dieux, voſtre grate m'eſtendre,

302 1392 1079 112 Et me donner quelque raiſon, pour prendre

306 1485 1052 110 Contre tout Philtre amoureux vn Moly:

215 1574 1008 116 Ou ſois pour moy la Nepenthe, Deeſſe,

302 1661 1056 112 Salubre au dueil. Ou moy, & ma tristeſſe

304 1758 996 110 Noye, ô Mort doulce, en l'eternel oubly.

595 1847 288 98 SONET.

228 1945 887 128 Cest importun, qui ſi fort ſe rendit,

1242 2034 145 110 Ou ſe
