1457 2490
315 109 633 83 AMOVREVSES.

1222 99 87 108 81

136 190 997 115 C'eſt la beauté de ma Dame plaiſante,

136 286 665 112 A tout qui la contemple:

132 381 880 102 Et ſa clarté, c'est vne grace exquiſe,

132 468 997 113 Par moy en elle & cherchee & requiſe,

136 556 690 110 Adorant ſon ſaint temple.

43 651 893 108 Uoyez Amans, voyez de quelle ſorte

126 740 1000 110 Me brule & ard le vouloir que ie porte

130 830 789 112 A ma Dame & Maiſtreſſe:

124 927 953 102 Ie ne vueil rien penſer, qu'elle ne penſe,

122 1014 978 114 Rien ne me plait, que ce, qui ne l'offenſe,

120 1101 645 106 Son dueil eſt ma tristeſſe.

35 1197 853 108 Le meſme iour, que ie me diſpoſay

122 1288 782 110 De la ſeruir, & qu'eſperer i'oſay

116 1375 639 104 Un fruit de mon attente,

112 1462 998 117 I'obligeay tant tout mon vouloir au ſien,

116 1547 930 121 Que ie ne puis, & ne veux auoir rien,

112 1651 583 100 Que ce, qui la contente.

33 1736 973 112 O congnoiſſance heureuſe en ton ſauoir,

120 1830 913 112 Qui as donné à mon amour pouuoir,

116 1913 600 135 Le faiſant raiſonnable!

1039 2002 150 126 Ie dy

857 2023 67 80 F
