1455 2486
159 105 58 135 82

532 99 464 89 ERREVRS

292 186 916 135 Ie dy pouuoir de n'estre point penſif,

298 287 926 123 A ſe dreſſer, pour but vn bien laßif,

296 387 553 101 Sale & abominable:

213 472 1047 120 Mais qui m'ha fait entendre ſeurement,

306 569 947 110 Que ce, qui doit donner contentement

306 667 707 95 A tout homme qui ayme,

312 743 981 118 C'est d'eſprouuer que ſa dame n'estime,

304 830 1078 127 Peu ſon honneur, mais qu'elle en fait eſtime,

304 930 757 112 Plus que de ſon cœur meſme.

223 1019 912 122 Ie ne ſiz onc deßeing, ou entreprinſe,

317 1108 1015 118 Pour rendre en fin a chasteté ſurprinſe,

315 1211 615 100 Ou luy donner atteinte.

331 1290 947 118 Car ie liſois me ſcay quoy dens ſes yeux,

331 1381 1001 110 Yeux flamboyans, doulcement furieux,

323 1491 644 87 Qui me tenoit en crainte.

236 1568 804 101 Si les Nerons, ſi Sardanapalus,

321 1659 868 108 Et ſi tous ceux, qui de vouloir polus

321 1746 609 103 Regnent en impudence,

321 1831 1007 110 Luy vouloient rien de ſon honneur oſter,

319 1926 930 118 Elle pourroit leurs effors ſurmonter,

1278 1995 116 111 Par
