1457 2490
332 105 626 98 AMOVREVSES.

1216 103 87 106 83

147 199 623 118 Par ſa chaste prudence.

60 296 865 116 Et toutesfois i'ay creu, ie le confeſſe,

147 377 925 133 (Pardonne moy, ie te pry, ma Deeſſe)

155 481 600 116 Qu'il ne ſe pouuoit faire,

163 558 953 130 Qu'en corps ſi beau, beau en perfection,

153 655 758 121 Il n'y entrat vn peu d'affection

151 753 521 97 De deſir volontaire.

68 842 1058 120 Bien peult (penſois ie) auoir permis nature,

157 929 889 120 Que tant parfaite & belle creature

151 1022 500 119 Si fort ſoit abaiſſee,

161 1112 939 114 Qu'un feu, non feu diuinement celeſte,

155 1193 1117 132 Mais qui ſans plus les folz humains moleſte,

159 1298 482 113 Allume ſa penſee.

74 1386 1001 116 Quand ce penſer en ce poinct m'eſueilloit,

157 1479 1015 110 Un grief torment mon eſprit trauailloit,

159 1577 700 99 Lequel me faiſoit craindre.

161 1660 941 105 Uoyla le dueil, la peine, & les ennuys,

159 1751 996 112 Les tristes iours, les langoureuſes nuitz,

157 1844 708 110 Que lon m'ha ouy plaindre.

83 1933 1004 125 Lon ne me veit iamais meſcontent d'elle,

1102 2027 151 128 Ie ne

867 2012 116 116 F2
