<?xml version="1.0" encoding="UTF-8"?>
<alto xmlns:xsi="http://www.w3.org/2001/XMLSchema-instance"
      xmlns="http://www.loc.gov/standards/alto/ns-v4#"
      xsi:schemaLocation="http://www.loc.gov/standards/alto/ns-v4# http://www.loc.gov/standards/alto/v4/alto-4-2.xsd">
  <Description>
    <MeasurementUnit>pixel</MeasurementUnit>
    <sourceImageInformation>
      <fileName>9.jpg</fileName>
      
    </sourceImageInformation>
  </Description>
  
  <Tags>
    <OtherTag ID="BT1670" LABEL="TitlePageZone" DESCRIPTION="block type TitlePageZone"/><OtherTag ID="BT1663" LABEL="DropCapitalZone" DESCRIPTION="block type DropCapitalZone"/><OtherTag ID="BT1669" LABEL="StampZone" DESCRIPTION="block type StampZone"/><OtherTag ID="BT1668" LABEL="RunningTitleZone" DESCRIPTION="block type RunningTitleZone"/><OtherTag ID="BT1667" LABEL="QuireMarksZone" DESCRIPTION="block type QuireMarksZone"/><OtherTag ID="BT1666" LABEL="NumberingZone" DESCRIPTION="block type NumberingZone"/><OtherTag ID="BT1665" LABEL="MainZone" DESCRIPTION="block type MainZone"/><OtherTag ID="BT1664" LABEL="GraphicZone" DESCRIPTION="block type GraphicZone"/>
    <OtherTag ID="LT557" LABEL="HeadingLine" DESCRIPTION="line type HeadingLine"/><OtherTag ID="LT556" LABEL="DropCapitalLine" DESCRIPTION="line type DropCapitalLine"/><OtherTag ID="LT555" LABEL="DefaultLine" DESCRIPTION="line type DefaultLine"/>
  </Tags>
  
  <Layout>
    <Page WIDTH="1494"
          HEIGHT="2490"
          PHYSICAL_IMG_NR="8"
          ID="eSc_dummypage_">
      <PrintSpace HPOS="0"
                  VPOS="0"
                  WIDTH="1494"
                  HEIGHT="2490">
        
        <TextBlock HPOS="83"
                   VPOS="363"
                   WIDTH="1233"
                   HEIGHT="1706"
                   ID="eSc_textblock_cbfad55d"
                   TAGREFS="BT1665">
          <Shape><Polygon POINTS="1316 377 1309 697 1292 2006 1287 2069 849 2069 787 2067 720 2064 83 2039 91 1228 94 658 181 446 194 370 465 363 665 363"/></Shape>
          
          
          <TextLine ID="eSc_line_f7cc4360"
                    TAGREFS="LT557"
                    BASELINE="222 456 315 450 369 452 1164 446" 
                    HPOS="211"
                    VPOS="363"
                    WIDTH="951"
                    HEIGHT="103">
            <Shape><Polygon POINTS="219 454 211 388 249 369 251 369 253 369 311 369 313 369 352 385 354 385 396 369 398 369 400 369 456 379 506 367 508 367 510 367 595 381 605 383 614 381 657 367 659 367 661 367 664 367 707 381 713 383 778 383 782 379 803 365 805 365 807 365 809 365 811 365 836 379 844 383 892 383 896 377 906 369 906 367 908 367 910 367 913 367 1008 377 1043 379 1047 375 1060 365 1060 363 1062 363 1064 363 1066 363 1157 375 1162 444 1159 458 219 466"/></Shape>
	    <String CONTENT="A SA DAME."
                    HPOS="211"
                    VPOS="363"
                    WIDTH="951"
                    HEIGHT="103"></String>
          </TextLine>

          
          
          <TextLine ID="eSc_line_cb54244b"
                    TAGREFS="LT555"
                    BASELINE="641 711 1294 724" 
                    HPOS="639"
                    VPOS="651"
                    WIDTH="655"
                    HEIGHT="91">
            <Shape><Polygon POINTS="641 711 639 661 744 651 747 651 747 651 747 651 749 651 749 651 749 651 751 651 751 651 761 661 765 666 881 666 892 664 921 653 923 653 923 653 923 653 925 653 925 653 925 653 927 653 927 653 952 664 958 666 971 664 1027 653 1027 653 1029 653 1029 653 1029 653 1031 653 1031 653 1058 664 1060 666 1060 664 1070 655 1070 653 1070 653 1072 653 1072 653 1072 653 1074 653 1074 653 1074 653 1076 653 1294 668 1294 724 1292 730 1186 742 1186 742 1184 742 1184 742 1184 742 1182 742 1182 742 1153 730 1153 730 1135 730 861 736 859 736 859 736 856 736 856 736 830 726 819 724 639 724"/></Shape>
	    <String CONTENT="OVRCE, que le deſir, qui"
                    HPOS="639"
                    VPOS="651"
                    WIDTH="655"
                    HEIGHT="91"></String>
          </TextLine>

          
          
          <TextLine ID="eSc_line_37f7749b"
                    TAGREFS="LT555"
                    BASELINE="645 782 1296 790" 
                    HPOS="643"
                    VPOS="724"
                    WIDTH="653"
                    HEIGHT="81">
            <Shape><Polygon POINTS="645 782 643 738 771 736 782 726 782 724 782 724 784 724 784 724 784 724 786 724 786 724 788 724 788 724 788 724 790 724 827 736 836 738 850 736 904 726 904 726 906 726 906 726 906 726 952 736 979 740 1029 734 1089 728 1089 728 1091 728 1091 728 1093 728 1093 728 1110 734 1137 744 1294 734 1296 790 1294 803 643 805"/></Shape>
	    <String CONTENT="plus affectionnemẽt me paſ"
                    HPOS="643"
                    VPOS="724"
                    WIDTH="653"
                    HEIGHT="81"></String>
          </TextLine>

          
          
          <TextLine ID="eSc_line_5e953ce4"
                    TAGREFS="LT555"
                    BASELINE="637 850 1290 861" 
                    HPOS="632"
                    VPOS="792"
                    WIDTH="660"
                    HEIGHT="91">
            <Shape><Polygon POINTS="637 850 637 794 825 807 848 798 871 792 873 792 873 792 873 792 875 792 875 792 875 792 877 792 877 792 877 792 894 800 906 809 917 800 927 794 929 794 929 794 929 794 931 794 931 794 933 794 1029 794 1029 794 1029 794 1031 794 1031 794 1031 794 1033 794 1033 796 1043 805 1052 813 1114 813 1122 807 1137 796 1139 796 1139 796 1139 796 1141 796 1141 796 1143 796 1143 796 1143 796 1145 796 1145 796 1145 796 1147 796 1147 796 1147 798 1157 809 1164 813 1184 809 1245 798 1245 798 1247 798 1247 798 1247 798 1249 798 1292 813 1290 861 1290 871 1253 883 1251 883 1251 883 1251 883 1249 883 1095 871 1031 881 1031 881 1029 881 632 861"/></Shape>
	    <String CONTENT="fionne, eſt celuy, que i’ay de"
                    HPOS="632"
                    VPOS="792"
                    WIDTH="660"
                    HEIGHT="91"></String>
          </TextLine>

          
          
          <TextLine ID="eSc_line_4c15e707"
                    TAGREFS="LT555"
                    BASELINE="641 919 1288 929" 
                    HPOS="637"
                    VPOS="865"
                    WIDTH="651"
                    HEIGHT="87">
            <Shape><Polygon POINTS="641 919 639 873 836 865 838 865 991 877 1008 877 1010 877 1022 867 1022 867 1025 867 1025 867 1027 867 1027 867 1027 867 1029 867 1286 881 1288 929 1286 942 1159 952 1157 952 637 931"/></Shape>
	    <String CONTENT="vouz faire congnoiſtre, ma"
                    HPOS="637"
                    VPOS="865"
                    WIDTH="651"
                    HEIGHT="87"></String>
          </TextLine>

          
          
          <TextLine ID="eSc_line_86dd56e7"
                    TAGREFS="LT555"
                    BASELINE="637 987 1286 996" 
                    HPOS="632"
                    VPOS="927"
                    WIDTH="654"
                    HEIGHT="81">
            <Shape><Polygon POINTS="637 987 637 927 699 929 699 929 699 929 701 929 701 929 701 929 701 929 703 929 703 929 722 944 780 935 780 935 782 935 782 935 782 935 784 935 817 946 856 935 869 931 871 931 871 931 873 931 873 931 873 931 875 931 875 931 886 935 904 944 929 937 952 931 954 931 954 931 956 931 956 931 956 931 958 931 958 931 960 931 960 931 969 939 983 950 1076 950 1089 944 1116 933 1116 933 1118 933 1118 933 1120 933 1120 933 1286 952 1286 996 1282 1008 632 1002"/></Shape>
	    <String CONTENT="Dame, combien je ſuis vo¬"
                    HPOS="632"
                    VPOS="927"
                    WIDTH="654"
                    HEIGHT="81"></String>
          </TextLine>

          
          
          <TextLine ID="eSc_line_6bfb42b7"
                    TAGREFS="LT555"
                    BASELINE="632 1058 1288 1070" 
                    HPOS="628"
                    VPOS="996"
                    WIDTH="660"
                    HEIGHT="91">
            <Shape><Polygon POINTS="632 1058 632 996 713 1010 734 1000 738 998 738 998 738 998 740 998 740 998 742 998 742 998 742 998 744 998 751 1000 790 1014 890 1014 910 1006 921 1002 921 1002 923 1002 923 1002 925 1002 925 1002 925 1002 927 1002 927 1002 939 1008 962 1016 983 1008 987 1008 989 1008 989 1008 989 1008 991 1008 991 1008 1018 1010 1087 1018 1093 1014 1099 1008 1099 1006 1099 1006 1101 1006 1101 1006 1101 1006 1103 1006 1103 1006 1103 1006 1105 1006 1105 1006 1108 1006 1108 1006 1108 1006 1126 1014 1130 1016 1137 1016 1174 1006 1176 1006 1176 1006 1178 1006 1178 1006 1178 1006 1180 1006 1180 1006 1182 1006 1182 1006 1197 1018 1203 1022 1288 1022 1288 1070 1286 1081 989 1087 987 1087 987 1087 923 1074 921 1074 921 1074 852 1085 852 1085 852 1085 850 1085 628 1066"/></Shape>
	    <String CONTENT="ſtre: &amp; que voz perfections"
                    HPOS="628"
                    VPOS="996"
                    WIDTH="660"
                    HEIGHT="91"></String>
          </TextLine>

          
          
          <TextLine ID="eSc_line_99bc46e9"
                    TAGREFS="LT555"
                    BASELINE="630 1126 1284 1143" 
                    HPOS="626"
                    VPOS="1072"
                    WIDTH="658"
                    HEIGHT="92">
            <Shape><Polygon POINTS="630 1126 628 1083 693 1072 693 1072 695 1072 695 1072 695 1072 697 1072 697 1072 697 1072 699 1072 713 1083 717 1087 817 1087 823 1085 846 1072 846 1072 846 1072 848 1072 848 1072 848 1072 850 1072 850 1072 852 1072 852 1072 852 1072 854 1072 873 1087 877 1089 879 1087 896 1074 898 1074 898 1074 898 1074 900 1074 900 1074 902 1074 956 1074 956 1074 956 1074 1022 1089 1027 1089 1029 1089 1093 1079 1093 1079 1095 1079 1095 1079 1095 1079 1097 1079 1097 1079 1097 1079 1099 1079 1116 1091 1124 1095 1282 1095 1284 1143 1282 1157 1207 1164 1205 1164 1205 1164 1205 1164 1203 1164 1178 1155 1166 1151 1153 1153 1124 1162 1122 1162 1122 1162 1120 1162 1120 1162 1120 1162 1060 1151 1035 1147 1010 1149 946 1155 946 1155 944 1155 944 1155 942 1155 942 1155 942 1155 939 1155 939 1155 929 1147 927 1145 910 1145 794 1153 792 1153 792 1153 792 1153 790 1153 790 1153 790 1153 788 1153 788 1153 788 1151 778 1141 626 1135"/></Shape>
	    <String CONTENT="me commandent de corps,"
                    HPOS="626"
                    VPOS="1072"
                    WIDTH="658"
                    HEIGHT="92"></String>
          </TextLine>

          
          
          <TextLine ID="eSc_line_010c6df9"
                    TAGREFS="LT555"
                    BASELINE="630 1197 1286 1211" 
                    HPOS="626"
                    VPOS="1135"
                    WIDTH="660"
                    HEIGHT="97">
            <Shape><Polygon POINTS="630 1197 628 1147 722 1135 722 1135 724 1135 724 1135 726 1135 726 1135 726 1135 728 1135 728 1135 728 1137 738 1147 765 1137 765 1137 767 1137 767 1137 767 1137 769 1137 769 1137 771 1137 825 1151 836 1153 838 1151 852 1139 852 1139 854 1139 854 1139 854 1139 856 1139 856 1139 859 1139 929 1141 929 1141 929 1141 931 1141 931 1141 931 1141 933 1141 933 1141 933 1143 946 1153 948 1155 954 1155 1010 1145 1010 1145 1012 1145 1012 1145 1012 1145 1014 1145 1014 1145 1014 1145 1016 1145 1016 1145 1029 1155 1031 1159 1105 1159 1116 1157 1193 1145 1193 1145 1195 1145 1195 1145 1195 1145 1197 1145 1197 1145 1197 1145 1226 1162 1230 1164 1284 1164 1286 1211 1282 1232 1184 1220 1147 1230 1141 1232 1139 1232 1139 1232 1139 1232 1137 1232 1137 1232 1137 1232 1135 1232 1128 1230 1089 1218 1025 1226 1025 1226 1022 1226 1022 1226 1022 1226 1020 1226 1020 1226 1018 1226 1002 1215 971 1228 966 1228 964 1228 964 1228 964 1228 962 1228 962 1228 960 1228 954 1226 902 1213 844 1224 844 1224 844 1224 842 1224 842 1224 842 1224 842 1224 784 1211 763 1224 763 1224 761 1224 761 1224 759 1224 759 1224 759 1224 757 1224 626 1220"/></Shape>
	    <String CONTENT="deſprit, &amp; d’ame, vous ſer¬"
                    HPOS="626"
                    VPOS="1135"
                    WIDTH="660"
                    HEIGHT="97"></String>
          </TextLine>

          
          
          <TextLine ID="eSc_line_eaf354cc"
                    TAGREFS="LT555"
                    BASELINE="95 1269 1286 1282" 
                    HPOS="87"
                    VPOS="1205"
                    WIDTH="1199"
                    HEIGHT="91">
            <Shape><Polygon POINTS="95 1269 95 1222 215 1222 230 1207 230 1205 230 1205 232 1205 232 1205 232 1205 234 1205 234 1205 236 1205 269 1205 269 1205 269 1205 271 1205 271 1205 271 1205 273 1205 298 1222 427 1207 427 1207 429 1207 429 1207 429 1207 495 1222 527 1209 527 1209 529 1209 529 1209 529 1209 531 1209 531 1209 533 1209 533 1209 533 1209 535 1209 535 1209 535 1211 549 1226 651 1226 680 1209 680 1209 680 1209 682 1209 682 1209 684 1209 684 1209 684 1209 769 1228 819 1228 838 1211 838 1211 840 1211 840 1211 840 1211 842 1211 842 1211 844 1211 946 1213 946 1213 946 1213 948 1213 948 1213 950 1213 971 1226 1079 1213 1079 1213 1081 1213 1081 1213 1180 1230 1195 1218 1195 1215 1195 1215 1197 1215 1197 1215 1197 1215 1199 1215 1199 1215 1201 1215 1238 1215 1238 1215 1238 1215 1240 1215 1240 1215 1286 1234 1286 1282 1282 1296 439 1282 431 1282 302 1290 300 1290 300 1290 300 1290 240 1280 109 1288 107 1288 107 1288 107 1288 105 1288 105 1288 103 1288 103 1288 87 1276"/></Shape>
	    <String CONTENT="uir, eſtimer, &amp; adorer perpetuellement: I&#39;ay fait"
                    HPOS="87"
                    VPOS="1205"
                    WIDTH="1199"
                    HEIGHT="91"></String>
          </TextLine>

          
          
          <TextLine ID="eSc_line_75267abc"
                    TAGREFS="LT555"
                    BASELINE="93 1338 1280 1350" 
                    HPOS="87"
                    VPOS="1276"
                    WIDTH="1193"
                    HEIGHT="93">
            <Shape><Polygon POINTS="93 1338 87 1290 112 1276 114 1276 114 1276 116 1276 116 1276 116 1276 118 1276 118 1276 118 1276 120 1276 120 1276 149 1288 209 1276 209 1276 209 1276 211 1276 211 1276 211 1276 284 1292 290 1292 292 1292 317 1280 317 1280 317 1280 319 1280 319 1280 321 1280 321 1280 323 1280 323 1280 323 1280 325 1280 344 1292 346 1294 425 1294 427 1292 468 1278 468 1278 471 1278 471 1278 473 1278 473 1278 473 1278 475 1278 475 1278 475 1278 504 1292 508 1294 624 1294 641 1294 668 1280 668 1280 668 1280 670 1280 670 1280 672 1280 672 1280 672 1280 674 1280 674 1280 705 1294 711 1298 796 1298 803 1294 821 1282 823 1282 823 1282 823 1282 825 1282 825 1282 827 1282 873 1282 873 1282 873 1282 875 1282 875 1282 875 1282 877 1282 877 1282 894 1294 894 1296 894 1294 908 1284 910 1284 910 1284 910 1284 913 1284 913 1284 913 1284 915 1284 915 1284 917 1284 917 1284 946 1296 956 1298 966 1296 1006 1284 1008 1284 1008 1284 1008 1284 1010 1284 1010 1284 1010 1284 1062 1296 1081 1301 1093 1296 1118 1286 1118 1286 1120 1286 1120 1286 1120 1286 1122 1286 1122 1286 1124 1286 1124 1286 1124 1286 1147 1296 1157 1301 1166 1296 1195 1286 1195 1286 1197 1286 1197 1286 1199 1286 1199 1286 1278 1298 1280 1350 1276 1369 1027 1357 883 1363 807 1365 805 1365 805 1365 803 1365 784 1361 759 1354 744 1359 732 1365 732 1365 730 1365 730 1365 730 1365 728 1365 728 1365 726 1365 705 1359 680 1352 634 1357 585 1363 585 1363 583 1363 425 1352 363 1350 319 1350 124 1359 122 1359 122 1359 120 1359 120 1359 87 1346"/></Shape>
	    <String CONTENT="deſſeing de ne faire, penſer, ou plus haultemẽt diſ¬"
                    HPOS="87"
                    VPOS="1276"
                    WIDTH="1193"
                    HEIGHT="93"></String>
          </TextLine>

          
          
          <TextLine ID="eSc_line_8f7fad93"
                    TAGREFS="LT555"
                    BASELINE="93 1408 1284 1423" 
                    HPOS="91"
                    VPOS="1348"
                    WIDTH="1193"
                    HEIGHT="92">
            <Shape><Polygon POINTS="93 1408 91 1361 215 1348 217 1348 217 1348 217 1348 219 1348 253 1361 263 1363 269 1361 284 1350 286 1350 286 1350 288 1350 288 1350 288 1350 290 1350 290 1350 290 1350 292 1350 292 1350 313 1361 321 1363 334 1361 369 1350 371 1350 371 1350 373 1350 373 1350 373 1350 375 1350 375 1350 375 1350 377 1350 377 1350 377 1352 385 1361 390 1363 502 1361 676 1354 678 1354 678 1354 730 1361 796 1367 823 1361 836 1357 838 1357 838 1357 838 1357 840 1357 840 1357 867 1361 946 1371 1074 1361 1074 1361 1074 1361 1076 1361 1076 1361 1076 1361 1079 1361 1079 1361 1116 1373 1282 1361 1284 1423 1278 1440 1238 1429 1218 1440 1215 1440 1215 1440 1213 1440 1213 1440 1213 1440 1211 1440 1180 1437 1016 1427 971 1433 946 1437 946 1437 944 1437 944 1437 944 1437 942 1437 927 1433 900 1423 512 1421 487 1423 435 1431 435 1431 433 1431 91 1415"/></Shape>
	    <String CONTENT="courir choſe, qui ne ſoit entierement raportee à"
                    HPOS="91"
                    VPOS="1348"
                    WIDTH="1193"
                    HEIGHT="92"></String>
          </TextLine>

          
          
          <TextLine ID="eSc_line_4f95a7a4"
                    TAGREFS="LT555"
                    BASELINE="97 1477 1282 1489" 
                    HPOS="93"
                    VPOS="1413"
                    WIDTH="1189"
                    HEIGHT="101">
            <Shape><Polygon POINTS="97 1477 97 1429 159 1429 161 1429 176 1415 176 1413 176 1413 178 1413 178 1413 178 1413 180 1413 180 1413 180 1413 182 1413 182 1413 184 1413 184 1413 184 1413 215 1429 217 1429 222 1429 267 1415 269 1415 269 1415 269 1415 271 1415 271 1415 273 1415 273 1415 273 1415 275 1415 275 1415 292 1429 296 1431 315 1429 356 1421 356 1421 358 1421 358 1421 419 1429 446 1431 450 1429 462 1417 462 1415 462 1415 464 1415 464 1415 464 1415 466 1415 466 1415 468 1415 597 1421 597 1421 597 1421 599 1421 599 1421 601 1421 612 1429 622 1433 651 1429 703 1419 703 1419 705 1419 873 1419 873 1419 873 1419 875 1419 875 1419 875 1419 877 1419 890 1429 904 1440 979 1440 996 1429 1006 1421 1008 1421 1008 1421 1008 1421 1010 1421 1010 1421 1010 1421 1012 1421 1012 1421 1014 1421 1041 1429 1085 1442 1153 1442 1188 1429 1205 1423 1207 1423 1207 1423 1207 1423 1209 1423 1280 1429 1282 1489 1278 1514 1035 1512 1035 1512 1035 1512 1033 1512 1033 1512 1033 1512 1031 1512 1027 1510 1008 1498 956 1508 927 1512 927 1512 927 1512 925 1512 925 1512 923 1512 923 1512 906 1506 879 1496 798 1496 790 1504 784 1508 784 1510 784 1510 782 1510 782 1510 782 1510 780 1510 780 1510 778 1510 778 1510 778 1510 732 1502 686 1494 643 1494 637 1500 628 1506 628 1508 628 1508 626 1508 626 1508 626 1508 624 1508 624 1508 622 1508 622 1508 516 1496 464 1491 456 1496 435 1506 435 1506 435 1506 433 1506 433 1506 431 1506 431 1506 315 1491 290 1489 273 1491 186 1502 186 1502 184 1502 184 1502 184 1502 182 1502 182 1502 182 1502 180 1502 161 1487 93 1485"/></Shape>
	    <String CONTENT="voſtre louenge. Or avant deſpendu quelque temps"
                    HPOS="93"
                    VPOS="1413"
                    WIDTH="1189"
                    HEIGHT="101"></String>
          </TextLine>

          
          
          <TextLine ID="eSc_line_23a72dbc"
                    TAGREFS="LT555"
                    BASELINE="93 1547 1284 1562" 
                    HPOS="91"
                    VPOS="1483"
                    WIDTH="1193"
                    HEIGHT="96">
            <Shape><Polygon POINTS="93 1547 95 1483 136 1500 230 1487 244 1485 244 1485 246 1485 246 1485 246 1485 249 1485 249 1485 249 1485 253 1487 275 1500 313 1489 317 1487 319 1487 319 1487 319 1487 321 1487 321 1487 323 1487 323 1487 323 1487 325 1487 325 1487 325 1489 325 1489 340 1504 595 1504 657 1498 713 1491 713 1491 715 1491 715 1491 717 1491 749 1500 767 1504 830 1502 973 1496 975 1496 975 1496 977 1496 977 1496 977 1496 979 1496 993 1506 1000 1510 1020 1506 1079 1496 1079 1496 1081 1496 1081 1496 1081 1496 1083 1496 1083 1496 1114 1508 1122 1514 1195 1514 1197 1512 1213 1498 1213 1498 1215 1498 1215 1498 1215 1498 1218 1498 1218 1498 1220 1498 1220 1498 1220 1498 1284 1514 1284 1562 1282 1566 1116 1579 1114 1579 1114 1579 1114 1579 1112 1579 1112 1579 1085 1566 1081 1566 1064 1566 946 1577 946 1577 944 1577 944 1577 942 1577 902 1566 890 1564 91 1564"/></Shape>
	    <String CONTENT="à voſtre ſeruice, au cours duquel l’oyſiueté ne m&#39;ha"
                    HPOS="91"
                    VPOS="1483"
                    WIDTH="1193"
                    HEIGHT="96"></String>
          </TextLine>

          
          
          <TextLine ID="eSc_line_fc8e3be3"
                    TAGREFS="LT555"
                    BASELINE="97 1614 1282 1633" 
                    HPOS="93"
                    VPOS="1562"
                    WIDTH="1189"
                    HEIGHT="85">
            <Shape><Polygon POINTS="97 1614 97 1568 423 1572 429 1572 489 1562 489 1562 491 1562 491 1562 491 1562 545 1574 547 1574 551 1574 593 1564 595 1564 595 1564 597 1564 597 1564 597 1564 599 1564 599 1564 599 1564 622 1574 624 1577 637 1577 717 1566 717 1566 720 1566 720 1566 784 1579 792 1579 813 1579 1004 1570 1006 1570 1006 1570 1006 1570 1008 1570 1008 1570 1010 1570 1010 1570 1010 1570 1022 1583 1025 1583 1035 1583 1118 1572 1118 1572 1120 1572 1120 1572 1122 1572 1122 1572 1153 1585 1157 1587 1280 1587 1282 1633 1278 1647 93 1630"/></Shape>
	    <String CONTENT="tant accompagné, que ie n’aye repreſenté (ſinon au"
                    HPOS="93"
                    VPOS="1562"
                    WIDTH="1189"
                    HEIGHT="85"></String>
          </TextLine>

          
          
          <TextLine ID="eSc_line_c6546f25"
                    TAGREFS="LT555"
                    BASELINE="97 1684 1280 1701" 
                    HPOS="93"
                    VPOS="1628"
                    WIDTH="1187"
                    HEIGHT="96">
            <Shape><Polygon POINTS="97 1684 97 1628 278 1643 319 1633 323 1633 325 1633 325 1633 327 1633 327 1633 338 1633 408 1645 529 1639 562 1637 564 1637 564 1637 564 1637 566 1637 566 1637 572 1639 595 1647 736 1643 827 1641 830 1641 830 1641 830 1641 854 1645 879 1651 902 1647 935 1641 935 1641 935 1641 937 1641 1278 1657 1280 1701 1278 1711 1174 1724 1174 1724 1172 1724 1172 1724 1172 1724 1170 1724 1130 1709 1124 1709 1118 1709 1060 1722 1060 1722 1060 1722 1058 1722 1058 1722 991 1709 983 1707 981 1707 958 1720 958 1720 958 1720 956 1720 956 1720 956 1720 954 1720 954 1720 879 1709 840 1720 838 1720 838 1720 838 1720 836 1720 836 1720 834 1720 834 1720 834 1720 832 1720 811 1705 809 1705 798 1705 703 1718 703 1718 701 1718 568 1705 543 1716 543 1716 541 1716 541 1716 541 1716 539 1716 539 1716 539 1716 537 1716 537 1716 508 1701 468 1701 431 1701 431 1701 396 1713 396 1713 394 1713 394 1713 392 1713 392 1713 392 1713 390 1713 390 1713 390 1713 365 1699 363 1699 354 1699 273 1711 273 1711 271 1711 271 1711 271 1711 269 1711 269 1711 269 1711 244 1699 178 1709 178 1709 178 1709 176 1709 176 1709 93 1695"/></Shape>
	    <String CONTENT="vif) au plus pres, que i’ay peu, quelques traitz, ou"
                    HPOS="93"
                    VPOS="1628"
                    WIDTH="1187"
                    HEIGHT="96"></String>
          </TextLine>

          
          
          <TextLine ID="eSc_line_a2f1ef56"
                    TAGREFS="LT555"
                    BASELINE="89 1753 1274 1769" 
                    HPOS="85"
                    VPOS="1697"
                    WIDTH="1189"
                    HEIGHT="89">
            <Shape><Polygon POINTS="89 1753 87 1705 315 1697 317 1697 317 1697 319 1697 319 1697 319 1697 342 1707 371 1697 371 1697 373 1697 373 1697 375 1697 375 1697 375 1697 377 1697 377 1697 379 1697 379 1697 379 1699 381 1699 390 1709 390 1709 406 1709 520 1699 522 1699 522 1699 522 1699 524 1699 562 1711 566 1711 593 1711 815 1703 817 1703 817 1703 819 1703 819 1703 819 1703 821 1703 821 1703 821 1705 823 1705 832 1716 832 1716 867 1716 1097 1707 1099 1707 1099 1707 1101 1707 1101 1707 1101 1707 1124 1720 1128 1722 1271 1722 1274 1769 1269 1786 85 1761"/></Shape>
	    <String CONTENT="Iineamens de voz beautez, &amp; de mes affections: ie"
                    HPOS="85"
                    VPOS="1697"
                    WIDTH="1189"
                    HEIGHT="89"></String>
          </TextLine>

          
          
          <TextLine ID="eSc_line_89085489"
                    TAGREFS="LT555"
                    BASELINE="91 1821 1274 1844" 
                    HPOS="87"
                    VPOS="1767"
                    WIDTH="1187"
                    HEIGHT="94">
            <Shape><Polygon POINTS="91 1821 91 1774 419 1780 423 1778 435 1767 435 1767 437 1767 437 1767 437 1767 439 1767 439 1767 441 1767 518 1767 518 1767 713 1784 753 1786 769 1784 840 1774 840 1774 842 1774 842 1774 842 1774 844 1774 879 1786 881 1786 881 1786 931 1776 931 1776 931 1776 933 1776 933 1776 935 1776 935 1776 935 1776 937 1776 937 1776 952 1788 956 1790 989 1788 1112 1780 1114 1780 1114 1780 1114 1780 1116 1780 1116 1780 1118 1780 1137 1790 1139 1792 1141 1790 1162 1780 1162 1780 1162 1780 1164 1780 1164 1780 1166 1780 1166 1780 1274 1794 1274 1844 1271 1859 1070 1861 1068 1861 1068 1861 1066 1861 1043 1855 1027 1850 1008 1852 960 1861 960 1861 958 1861 958 1861 871 1850 836 1846 786 1848 630 1855 628 1855 628 1855 535 1842 518 1840 506 1840 435 1850 435 1850 433 1850 433 1850 431 1850 431 1850 431 1850 429 1850 412 1838 408 1838 390 1838 205 1846 203 1846 203 1846 87 1830"/></Shape>
	    <String CONTENT="ne puis moins ſatisfaire à mon deuoir, que de vous"
                    HPOS="87"
                    VPOS="1767"
                    WIDTH="1187"
                    HEIGHT="94"></String>
          </TextLine>

          
          
          <TextLine ID="eSc_line_a2b14796"
                    TAGREFS="LT555"
                    BASELINE="93 1892 1274 1913" 
                    HPOS="89"
                    VPOS="1836"
                    WIDTH="1185"
                    HEIGHT="97">
            <Shape><Polygon POINTS="93 1892 91 1848 197 1836 197 1836 199 1836 348 1848 398 1852 406 1848 425 1840 425 1840 425 1840 427 1840 427 1840 429 1840 429 1840 429 1840 431 1840 431 1840 452 1848 466 1855 655 1850 763 1848 765 1848 765 1848 767 1848 767 1848 776 1850 803 1861 844 1850 861 1848 861 1848 861 1848 863 1848 863 1848 865 1848 865 1848 865 1848 867 1848 867 1848 867 1850 869 1852 879 1861 991 1852 998 1852 1000 1852 1000 1852 1000 1852 1002 1852 1002 1852 1039 1865 1093 1852 1097 1852 1097 1852 1097 1852 1099 1852 1099 1852 1108 1852 1188 1863 1271 1855 1274 1913 1271 1923 1209 1933 1209 1933 1207 1933 1207 1933 1207 1933 1153 1923 1149 1923 1143 1923 1045 1931 1045 1931 1043 1931 917 1921 883 1919 863 1921 805 1927 805 1927 803 1927 803 1927 803 1927 800 1927 778 1919 767 1915 89 1913"/></Shape>
	    <String CONTENT="preſenter, ce, que en reuerence, &amp; imagination de"
                    HPOS="89"
                    VPOS="1836"
                    WIDTH="1185"
                    HEIGHT="97"></String>
          </TextLine>

          
          
          <TextLine ID="eSc_line_906693cb"
                    TAGREFS="LT555"
                    BASELINE="99 1960 1276 1983" 
                    HPOS="95"
                    VPOS="1904"
                    WIDTH="1181"
                    HEIGHT="94">
            <Shape><Polygon POINTS="99 1960 97 1913 234 1904 236 1904 508 1919 510 1919 510 1919 524 1909 524 1909 527 1909 527 1909 527 1909 529 1909 529 1909 531 1909 531 1909 672 1923 682 1923 686 1923 740 1913 740 1913 740 1913 742 1913 742 1913 744 1913 784 1925 788 1925 815 1925 1110 1921 1112 1921 1274 1935 1276 1983 1274 1996 861 1998 859 1998 672 1985 637 1994 634 1994 634 1994 632 1994 259 1977 217 1985 217 1985 217 1985 215 1985 215 1985 95 1971"/></Shape>
	    <String CONTENT="vous, i&#39;ay voulu peindre: aſſeuré par cecy de vous"
                    HPOS="95"
                    VPOS="1904"
                    WIDTH="1181"
                    HEIGHT="94"></String>
          </TextLine>

          
          
          <TextLine ID="eSc_line_58af23c3"
                    TAGREFS="LT555"
                    BASELINE="93 2031 1276 2054" 
                    HPOS="89"
                    VPOS="1977"
                    WIDTH="1187"
                    HEIGHT="112">
            <Shape><Polygon POINTS="93 2031 93 1977 1274 2006 1276 2054 1271 2085 1191 2072 1147 2083 1141 2085 1139 2085 1139 2085 1137 2085 1137 2085 1137 2085 1135 2085 1135 2085 1130 2083 1099 2070 1045 2083 1008 2089 1008 2089 1008 2089 1006 2089 1006 2089 950 2081 892 2070 879 2079 873 2085 873 2085 871 2085 871 2085 869 2085 869 2085 869 2085 867 2085 867 2085 867 2085 865 2085 865 2085 863 2085 863 2085 863 2083 856 2079 840 2064 782 2077 744 2085 744 2085 742 2085 630 2083 630 2083 630 2083 576 2075 485 2056 408 2056 371 2070 365 2072 365 2072 363 2072 363 2072 363 2072 361 2072 361 2072 358 2072 346 2070 288 2052 197 2052 168 2066 159 2072 157 2072 157 2072 155 2072 155 2072 155 2072 153 2072 153 2072 89 2064"/></Shape>
	    <String CONTENT="perſuader, que ou ie pourray (ce que j’eſpere ayant"
                    HPOS="89"
                    VPOS="1977"
                    WIDTH="1187"
                    HEIGHT="112"></String>
          </TextLine>

          
        </TextBlock>
        
        <TextBlock HPOS="794"
                   VPOS="2078"
                   WIDTH="483"
                   HEIGHT="68"
                   ID="eSc_textblock_c6d26d26"
                   TAGREFS="BT1667">
          <Shape><Polygon POINTS="794 2078 794 2146 1277 2146 1277 2078"/></Shape>
          
          
          <TextLine ID="eSc_line_9d7f9607"
                    TAGREFS="LT555"
                    BASELINE="805 2135 971 2128" 
                    HPOS="798"
                    VPOS="2077"
                    WIDTH="173"
                    HEIGHT="85">
            <Shape><Polygon POINTS="805 2135 798 2079 964 2077 971 2128 966 2153 913 2145 877 2145 867 2158 863 2160 863 2162 861 2162 859 2162 856 2162 803 2158"/></Shape>
	    <String CONTENT="A2"
                    HPOS="798"
                    VPOS="2077"
                    WIDTH="173"
                    HEIGHT="85"></String>
          </TextLine>

          
          
          <TextLine ID="eSc_line_d2112d23"
                    TAGREFS="LT555"
                    BASELINE="1103 2126 1271 2122" 
                    HPOS="1099"
                    VPOS="2060"
                    WIDTH="172"
                    HEIGHT="98">
            <Shape><Polygon POINTS="1103 2126 1099 2079 1184 2060 1184 2060 1184 2060 1186 2060 1186 2060 1267 2075 1271 2122 1269 2158 1101 2155"/></Shape>
	    <String CONTENT="voſtre"
                    HPOS="1099"
                    VPOS="2060"
                    WIDTH="172"
                    HEIGHT="98"></String>
          </TextLine>

          
        </TextBlock>
        
        <TextBlock HPOS="105"
                   VPOS="655"
                   WIDTH="514"
                   HEIGHT="540"
                   ID="eSc_textblock_eafdf553"
                   TAGREFS="BT1663">
          <Shape><Polygon POINTS="105 655 105 1195 619 1195 619 655"/></Shape>
          
        </TextBlock>
        
        <TextBlock HPOS="527"
                   VPOS="489"
                   WIDTH="318"
                   HEIGHT="118"
                   ID="eSc_textblock_79292566"
                   TAGREFS="BT1664">
          <Shape><Polygon POINTS="527 489 527 607 845 607 845 489"/></Shape>
          
        </TextBlock>
        
        <TextBlock HPOS="126"
                   VPOS="232"
                   WIDTH="1159"
                   HEIGHT="122"
                   ID="eSc_textblock_200618a2"
                   TAGREFS="BT1664">
          <Shape><Polygon POINTS="126 232 126 354 1285 354 1285 232"/></Shape>
          
        </TextBlock>
        

        
      </PrintSpace>
    </Page>
  </Layout>
</alto>
