<?xml version="1.0" encoding="UTF-8"?>
<alto xmlns:xsi="http://www.w3.org/2001/XMLSchema-instance"
      xmlns="http://www.loc.gov/standards/alto/ns-v4#"
      xsi:schemaLocation="http://www.loc.gov/standards/alto/ns-v4# http://www.loc.gov/standards/alto/v4/alto-4-2.xsd">
  <Description>
    <MeasurementUnit>pixel</MeasurementUnit>
    <sourceImageInformation>
      <fileName>90.jpg</fileName>
      
    </sourceImageInformation>
  </Description>
  
  <Tags>
    <OtherTag ID="BT1670" LABEL="TitlePageZone" DESCRIPTION="block type TitlePageZone"/><OtherTag ID="BT1663" LABEL="DropCapitalZone" DESCRIPTION="block type DropCapitalZone"/><OtherTag ID="BT1669" LABEL="StampZone" DESCRIPTION="block type StampZone"/><OtherTag ID="BT1668" LABEL="RunningTitleZone" DESCRIPTION="block type RunningTitleZone"/><OtherTag ID="BT1667" LABEL="QuireMarksZone" DESCRIPTION="block type QuireMarksZone"/><OtherTag ID="BT1666" LABEL="NumberingZone" DESCRIPTION="block type NumberingZone"/><OtherTag ID="BT1665" LABEL="MainZone" DESCRIPTION="block type MainZone"/><OtherTag ID="BT1664" LABEL="GraphicZone" DESCRIPTION="block type GraphicZone"/>
    <OtherTag ID="LT557" LABEL="HeadingLine" DESCRIPTION="line type HeadingLine"/><OtherTag ID="LT556" LABEL="DropCapitalLine" DESCRIPTION="line type DropCapitalLine"/><OtherTag ID="LT555" LABEL="DefaultLine" DESCRIPTION="line type DefaultLine"/>
  </Tags>
  
  <Layout>
    <Page WIDTH="1455"
          HEIGHT="2486"
          PHYSICAL_IMG_NR="89"
          ID="eSc_dummypage_">
      <PrintSpace HPOS="0"
                  VPOS="0"
                  WIDTH="1455"
                  HEIGHT="2486">
        
        <TextBlock HPOS="140"
                   VPOS="116"
                   WIDTH="131"
                   HEIGHT="72"
                   ID="eSc_textblock_d7933f50"
                   TAGREFS="BT1666">
          <Shape><Polygon POINTS="254 124 271 188 140 188 157 116"/></Shape>
          
          
          <TextLine ID="eSc_line_8cb33f81"
                    TAGREFS="LT555"
                    BASELINE="147 180 244 180" 
                    HPOS="143"
                    VPOS="97"
                    WIDTH="103"
                    HEIGHT="128">
            <Shape><Polygon POINTS="147 180 143 113 182 97 182 97 184 97 184 97 184 97 186 97 186 97 188 97 246 113 244 180 242 209 190 209 149 225"/></Shape>
	    <String CONTENT="84"
                    HPOS="143"
                    VPOS="97"
                    WIDTH="103"
                    HEIGHT="128"></String>
          </TextLine>

          
        </TextBlock>
        
        <TextBlock HPOS="540"
                   VPOS="116"
                   WIDTH="474"
                   HEIGHT="71"
                   ID="eSc_textblock_1f454300"
                   TAGREFS="BT1668">
          <Shape><Polygon POINTS="1007 124 1014 181 559 187 540 167 564 121 752 116"/></Shape>
          
          
          <TextLine ID="eSc_line_7cd374de"
                    TAGREFS="LT557"
                    BASELINE="551 174 1003 174" 
                    HPOS="551"
                    VPOS="105"
                    WIDTH="452"
                    HEIGHT="91">
            <Shape><Polygon POINTS="551 174 551 105 659 116 715 107 727 105 729 105 1003 111 1003 174 1003 184 847 196 845 196 812 190 789 186 771 192 752 196 750 196 748 196 746 196 737 192 727 186 719 192 715 196 712 196 710 196 708 196 692 194 661 186 625 194 619 196 617 196 615 196 613 196 611 196 594 186 553 196"/></Shape>
	    <String CONTENT="ERREVRS"
                    HPOS="551"
                    VPOS="105"
                    WIDTH="452"
                    HEIGHT="91"></String>
          </TextLine>

          
        </TextBlock>
        
        <TextBlock HPOS="207"
                   VPOS="207"
                   WIDTH="1165"
                   HEIGHT="1846"
                   ID="eSc_textblock_6eee389e"
                   TAGREFS="BT1665">
          <Shape><Polygon POINTS="1189 215 1206 304 1042 321 1007 354 1042 381 1297 397 1264 577 974 621 1148 671 1197 720 1197 859 1057 909 1189 952 1239 1044 1239 1124 965 1182 1131 1218 1148 1274 1214 1317 1222 1398 949 1448 1297 1499 1305 1580 1233 1605 1206 1671 1017 1696 982 1729 1009 1765 1098 1781 1166 1864 1363 1872 1372 1945 1042 1953 916 2053 315 2044 281 2028 290 1905 207 1862 207 1798 290 1738 290 1350 207 1298 215 1234 290 1182 290 795 215 768 223 679 298 636 290 232 306 207 470 208 503 210 1076 210"/></Shape>
          
          
          <TextLine ID="eSc_line_22cd6abe"
                    TAGREFS="LT555"
                    BASELINE="300 281 1187 281" 
                    HPOS="298"
                    VPOS="198"
                    WIDTH="893"
                    HEIGHT="118">
            <Shape><Polygon POINTS="300 281 298 209 348 198 348 198 348 198 350 198 350 198 352 198 352 198 352 198 354 198 354 198 364 209 377 219 445 219 462 209 482 198 482 198 482 198 485 198 485 198 487 198 487 198 487 198 489 198 489 198 489 198 491 198 505 209 520 219 657 219 669 211 686 198 688 198 688 198 688 198 690 198 690 198 692 198 771 198 771 198 771 198 773 198 773 198 773 198 775 198 775 198 789 211 793 215 802 211 829 198 829 198 829 198 831 198 831 198 833 198 833 198 833 198 835 198 835 198 835 198 837 198 837 198 837 200 849 211 856 219 891 219 899 211 914 198 914 198 916 198 916 198 916 198 918 198 918 198 920 198 961 198 961 198 1071 213 1104 217 1110 213 1125 200 1125 198 1125 198 1127 198 1127 198 1127 198 1129 198 1129 198 1131 198 1168 198 1168 198 1168 198 1171 198 1171 198 1171 198 1173 198 1173 198 1191 213 1187 281 1185 314 1092 296 994 296 976 312 974 312 974 314 974 314 972 314 972 314 972 314 970 314 970 314 967 314 967 314 967 314 965 314 955 312 920 300 905 310 901 314 901 314 899 314 899 314 897 314 897 314 897 316 847 316 845 314 845 314 843 314 843 314 843 314 833 310 806 296 710 296 686 308 671 314 671 314 671 314 669 314 669 314 669 316 555 316 553 314 553 314 551 314 551 314 551 314 549 314 536 304 526 298 501 304 476 310 474 310 474 310 472 310 472 310 472 310 470 310 470 310 455 304 437 296 300 300"/></Shape>
	    <String CONTENT="Ie ne dis onq qu&#x27;elle me fust cruelle,"
                    HPOS="298"
                    VPOS="198"
                    WIDTH="893"
                    HEIGHT="118"></String>
          </TextLine>

          
          
          <TextLine ID="eSc_line_122a3ddf"
                    TAGREFS="LT555"
                    BASELINE="300 374 943 368" 
                    HPOS="292"
                    VPOS="292"
                    WIDTH="651"
                    HEIGHT="105">
            <Shape><Polygon POINTS="300 374 292 310 304 298 304 296 304 296 306 296 306 296 306 296 308 296 308 296 310 296 420 296 420 296 420 296 422 296 422 296 422 296 424 296 424 296 443 310 449 316 460 310 487 296 487 296 487 296 489 296 489 296 489 296 547 294 549 294 549 294 549 294 551 294 551 294 551 294 553 294 553 294 574 310 578 316 692 316 739 312 750 312 783 292 785 292 785 292 787 292 787 292 787 292 789 292 789 292 789 292 791 292 791 292 791 292 793 292 822 312 824 314 938 314 943 368 943 383 920 395 920 395 920 395 918 395 918 395 918 397 802 397 800 395 800 395 797 395 797 395 797 395 781 387 773 383 760 387 729 397 727 397 727 397 727 397 725 397 725 397 654 389 617 385 300 395"/></Shape>
	    <String CONTENT="Telle n&#x27;estoit ma plainte:"
                    HPOS="292"
                    VPOS="292"
                    WIDTH="651"
                    HEIGHT="105"></String>
          </TextLine>

          
          
          <TextLine ID="eSc_line_db563825"
                    TAGREFS="LT555"
                    BASELINE="302 466 1019 464 1282 472" 
                    HPOS="296"
                    VPOS="387"
                    WIDTH="986"
                    HEIGHT="108">
            <Shape><Polygon POINTS="302 466 296 418 350 387 350 387 350 387 352 387 352 387 354 387 514 387 514 387 514 387 516 387 516 387 574 410 592 416 928 406 930 406 1077 416 1106 391 1110 389 1110 387 1113 387 1113 387 1113 387 1115 387 1115 387 1115 387 1117 387 1117 387 1119 387 1131 391 1200 412 1227 387 1227 387 1227 387 1229 387 1229 387 1229 387 1231 387 1231 387 1233 387 1280 387 1282 472 1278 493 1220 480 1204 493 1202 493 1202 493 1202 493 1202 493 1200 493 1200 493 1197 493 1197 493 1197 493 1195 493 1193 493 1154 480 982 480 972 490 970 490 970 493 970 493 967 493 967 493 967 493 965 493 965 493 963 493 963 493 963 493 945 490 893 480 866 488 856 493 856 493 853 493 853 493 851 493 851 493 851 493 849 493 849 493 847 493 841 488 826 480 768 488 729 493 729 493 727 493 727 493 727 493 698 486 661 480 617 480 611 486 605 490 605 493 605 493 603 493 603 493 603 493 601 493 601 493 601 495 540 495 538 493 538 493 536 493 536 493 536 493 534 493 534 493 526 484 520 480 514 484 501 493 499 493 499 493 497 493 497 493 497 493 495 493 495 493 451 484 424 480 395 484 331 493 331 493 329 493 329 493 329 493 327 493 296 482"/></Shape>
	    <String CONTENT="Mais ie diſois, Autant que de beauté,"
                    HPOS="296"
                    VPOS="387"
                    WIDTH="986"
                    HEIGHT="108"></String>
          </TextLine>

          
          
          <TextLine ID="eSc_line_475e1060"
                    TAGREFS="LT555"
                    BASELINE="302 557 1249 557" 
                    HPOS="298"
                    VPOS="482"
                    WIDTH="951"
                    HEIGHT="110">
            <Shape><Polygon POINTS="302 557 298 503 344 482 344 482 346 482 346 482 346 482 348 482 348 482 441 493 487 482 489 482 489 482 491 482 491 482 491 482 493 482 493 482 493 482 495 482 518 497 524 501 775 501 785 493 797 482 797 482 800 482 800 482 800 482 802 482 802 482 804 482 845 482 845 482 845 482 847 482 847 482 847 482 849 482 849 482 849 484 856 490 864 497 887 488 909 482 911 482 911 482 911 482 914 482 914 482 916 482 916 482 916 482 930 488 955 501 982 486 992 482 992 482 992 482 994 482 994 482 996 482 996 482 996 482 999 482 999 482 999 482 1001 482 1001 482 1001 484 1005 486 1017 501 1160 501 1179 484 1179 482 1179 482 1179 482 1181 482 1181 482 1181 482 1183 482 1183 482 1185 482 1249 482 1249 557 1247 590 1164 571 1123 590 1121 590 1121 590 1119 590 1119 590 1119 590 1117 590 1117 590 1115 590 1115 590 1115 590 1113 590 1092 580 1025 588 1003 590 1003 590 1001 590 1001 590 1001 590 999 590 999 590 996 590 994 588 978 580 970 588 967 588 967 590 967 590 965 590 965 590 965 590 963 590 963 590 963 592 922 592 920 590 920 590 918 590 918 590 918 590 916 590 911 586 893 573 878 586 874 590 874 590 872 590 872 590 872 590 870 590 870 590 868 590 868 590 868 590 866 590 866 590 866 590 864 590 864 590 860 586 841 571 787 586 762 590 762 590 762 590 760 590 760 590 760 590 758 590 758 590 758 590 748 584 727 573 702 584 688 590 688 590 686 590 686 590 686 590 683 590 683 590 638 584 565 571 302 577"/></Shape>
	    <String CONTENT="Ma Dame, ayez de chaſte priuauté"
                    HPOS="298"
                    VPOS="482"
                    WIDTH="951"
                    HEIGHT="110"></String>
          </TextLine>

          
          
          <TextLine ID="eSc_line_deb2b1b0"
                    TAGREFS="LT555"
                    BASELINE="304 648 893 648" 
                    HPOS="300"
                    VPOS="567"
                    WIDTH="595"
                    HEIGHT="108">
            <Shape><Polygon POINTS="304 648 300 588 352 571 354 571 354 571 354 571 356 571 356 571 358 571 358 571 358 571 360 571 360 571 360 573 371 584 406 567 406 567 406 567 408 567 408 567 410 567 520 567 520 567 520 567 522 567 522 567 522 567 524 567 524 567 547 586 547 586 549 586 623 571 623 571 623 571 625 571 625 571 628 571 628 571 665 586 665 586 665 586 700 567 700 567 700 567 702 567 702 567 704 567 744 567 744 567 744 567 746 567 746 567 746 567 748 567 748 567 771 586 773 586 891 586 893 648 895 660 864 673 864 673 862 673 862 673 860 673 860 673 773 662 735 675 735 675 733 675 733 675 731 675 302 662"/></Shape>
	    <String CONTENT="Et d’honnesteté ſainte."
                    HPOS="300"
                    VPOS="567"
                    WIDTH="595"
                    HEIGHT="108"></String>
          </TextLine>

          
          
          <TextLine ID="eSc_line_cb5e4507"
                    TAGREFS="LT555"
                    BASELINE="219 747 640 739 1175 743" 
                    HPOS="213"
                    VPOS="665"
                    WIDTH="962"
                    HEIGHT="109">
            <Shape><Polygon POINTS="219 747 213 683 252 665 252 665 254 665 254 665 254 665 257 665 257 665 259 665 325 683 387 683 412 665 414 665 414 665 414 665 416 665 416 665 416 665 418 665 601 679 619 665 619 665 621 665 621 665 621 665 623 665 623 665 625 665 625 665 625 665 686 677 725 665 727 665 727 665 727 665 729 665 729 665 729 665 731 665 731 665 733 665 760 681 791 665 791 665 791 665 793 665 793 665 793 665 795 665 795 665 797 665 856 681 858 681 860 681 895 665 895 665 897 665 897 665 897 665 899 665 899 665 901 665 961 681 965 681 1171 681 1175 743 1173 758 1032 758 1021 760 974 772 972 772 972 772 972 774 893 774 891 772 891 772 889 772 889 772 858 760 849 758 812 758 808 760 795 770 795 772 793 772 793 772 793 772 791 772 791 772 791 774 677 774 675 772 675 772 673 772 673 772 673 772 671 772 671 772 671 770 661 762 659 758 650 762 625 770 625 770 623 770 623 770 621 770 621 770 621 770 619 770 594 762 582 758 420 758 410 762 395 772 393 772 393 772 391 772 391 772 391 772 389 772 389 772 387 772 387 772 360 762 358 762 356 762 319 772 317 772 317 772 315 772 315 772 217 762"/></Shape>
	    <String CONTENT="Fuyez Uenus, &amp; ſon feu dangereux,"
                    HPOS="213"
                    VPOS="665"
                    WIDTH="962"
                    HEIGHT="109"></String>
          </TextLine>

          
          
          <TextLine ID="eSc_line_4af136fb"
                    TAGREFS="LT555"
                    BASELINE="300 828 1183 834" 
                    HPOS="296"
                    VPOS="756"
                    WIDTH="887"
                    HEIGHT="99">
            <Shape><Polygon POINTS="300 828 296 772 335 756 335 756 337 756 337 756 339 756 339 756 339 756 341 756 385 770 426 756 426 756 429 756 429 756 431 756 431 756 431 756 433 756 433 756 435 756 435 756 455 772 555 756 555 756 557 756 557 756 557 756 559 756 559 756 561 756 561 756 561 758 576 768 588 758 588 758 590 758 590 758 590 758 592 758 592 758 594 758 671 758 671 758 671 758 764 774 764 774 766 774 843 758 843 758 843 758 845 758 845 758 845 758 847 758 899 776 903 778 1183 778 1183 834 1179 855 296 849"/></Shape>
	    <String CONTENT="Et Cupido, le Dieu des amoureux,"
                    HPOS="296"
                    VPOS="756"
                    WIDTH="887"
                    HEIGHT="99"></String>
          </TextLine>

          
          
          <TextLine ID="eSc_line_2756f29c"
                    TAGREFS="LT555"
                    BASELINE="304 919 994 923" 
                    HPOS="300"
                    VPOS="849"
                    WIDTH="694"
                    HEIGHT="110">
            <Shape><Polygon POINTS="304 919 304 853 547 861 555 857 565 849 567 849 567 849 567 849 569 849 569 849 572 849 636 849 636 849 636 849 638 849 638 849 638 849 657 859 667 863 677 859 698 851 698 851 700 851 700 851 702 851 702 851 702 851 704 851 704 851 706 851 721 859 729 865 806 865 822 861 887 851 887 851 889 851 889 851 889 851 891 851 891 851 891 851 893 851 909 863 911 865 992 865 994 923 992 940 934 940 932 940 909 957 907 957 907 957 907 957 905 957 905 957 905 957 903 957 903 957 901 957 901 957 866 944 853 957 853 957 851 957 851 957 851 957 849 957 849 957 849 959 802 959 800 957 800 957 797 957 797 957 762 944 750 940 735 944 710 952 708 952 708 952 708 952 706 952 706 952 706 952 704 952 704 952 702 952 702 952 702 952 694 946 688 940 588 940 574 948 563 955 561 955 561 955 561 955 559 955 559 955 559 957 503 957 501 955 501 955 499 955 499 955 499 955 497 955 491 950 472 938 362 938 346 952 344 952 344 955 344 955 341 955 341 955 339 955 339 955 339 955 337 955 300 952"/></Shape>
	    <String CONTENT="Gardez qu’il ne vous pique:"
                    HPOS="300"
                    VPOS="849"
                    WIDTH="694"
                    HEIGHT="110"></String>
          </TextLine>

          
          
          <TextLine ID="eSc_line_ee044587"
                    TAGREFS="LT555"
                    BASELINE="300 1010 1175 1017" 
                    HPOS="294"
                    VPOS="932"
                    WIDTH="881"
                    HEIGHT="120">
            <Shape><Polygon POINTS="300 1010 296 950 344 936 346 936 346 936 348 936 348 936 348 936 420 950 426 950 429 948 447 934 447 932 447 932 449 932 449 932 449 932 451 932 451 932 453 932 453 932 453 932 455 932 514 948 520 950 524 948 565 932 565 932 567 932 567 932 567 932 569 932 569 932 569 932 572 932 572 932 609 948 619 955 698 955 704 948 719 936 719 934 719 934 721 934 721 934 723 934 723 934 723 934 725 934 725 934 835 948 887 957 945 957 953 948 967 936 967 936 970 936 970 936 970 936 972 936 972 936 972 936 974 936 1175 948 1175 1017 1173 1029 1108 1029 1063 1050 1063 1050 1063 1050 1061 1050 1061 1050 1059 1050 1059 1050 1059 1050 1057 1050 1057 1050 1007 1029 974 1050 972 1050 972 1050 972 1050 970 1050 970 1050 970 1052 934 1052 932 1050 932 1050 930 1050 930 1050 930 1050 928 1050 928 1050 903 1029 826 1048 826 1048 826 1048 824 1048 824 1048 669 1027 623 1039 621 1039 621 1039 621 1039 619 1039 619 1039 617 1039 617 1039 584 1027 563 1046 563 1046 561 1046 561 1046 561 1046 559 1046 559 1046 557 1046 557 1046 557 1046 555 1046 555 1046 553 1046 553 1046 536 1033 522 1044 522 1046 520 1046 520 1046 520 1046 518 1046 518 1046 518 1048 408 1048 406 1046 406 1046 404 1046 404 1046 404 1046 402 1046 402 1046 377 1025 344 1033 341 1033 341 1033 339 1033 339 1033 339 1033 337 1033 294 1021"/></Shape>
	    <String CONTENT="Car Cupido ce n&#x27;est qu&#x27;un fol deſir,"
                    HPOS="294"
                    VPOS="932"
                    WIDTH="881"
                    HEIGHT="120"></String>
          </TextLine>

          
          
          <TextLine ID="eSc_line_6c002763"
                    TAGREFS="LT555"
                    BASELINE="302 1104 1227 1108" 
                    HPOS="296"
                    VPOS="1023"
                    WIDTH="931"
                    HEIGHT="118">
            <Shape><Polygon POINTS="302 1104 304 1023 393 1048 493 1048 516 1029 516 1029 518 1029 518 1029 520 1029 520 1029 520 1029 522 1029 522 1029 522 1029 524 1029 524 1029 526 1029 555 1048 721 1048 752 1029 756 1025 758 1025 758 1025 758 1025 760 1025 760 1025 762 1025 762 1025 762 1025 764 1025 764 1025 764 1025 771 1029 806 1048 851 1029 858 1027 858 1027 860 1027 860 1027 862 1027 918 1027 918 1027 918 1027 920 1027 920 1027 920 1027 926 1031 953 1046 967 1031 972 1029 972 1027 972 1027 974 1027 974 1027 974 1027 976 1027 976 1027 978 1027 1023 1027 1023 1027 1023 1027 1025 1027 1025 1027 1025 1027 1036 1031 1063 1046 1079 1033 1086 1027 1086 1027 1088 1027 1088 1027 1088 1027 1090 1027 1090 1027 1092 1027 1092 1027 1092 1027 1094 1027 1113 1033 1131 1039 1150 1033 1168 1027 1171 1027 1171 1027 1171 1027 1173 1027 1173 1027 1224 1035 1227 1108 1224 1129 1131 1139 1131 1139 1129 1139 1129 1139 1127 1139 1127 1139 1127 1139 1106 1129 1096 1122 1090 1129 1075 1139 1075 1139 1073 1139 1073 1139 1073 1139 1071 1139 1071 1139 1071 1141 1032 1141 1030 1139 1030 1139 1028 1139 1028 1139 1025 1139 1025 1139 1009 1126 1007 1124 1005 1126 986 1139 984 1139 984 1139 984 1139 982 1139 982 1139 982 1141 845 1141 843 1139 843 1139 841 1139 841 1139 841 1139 839 1139 816 1124 812 1120 630 1120 615 1120 485 1137 485 1137 482 1137 482 1137 480 1137 480 1137 480 1137 478 1137 451 1120 335 1129 333 1129 333 1129 333 1129 331 1129 296 1116"/></Shape>
	    <String CONTENT="Uenus ſa mere est vn fraiſle plaiſir,"
                    HPOS="296"
                    VPOS="1023"
                    WIDTH="931"
                    HEIGHT="118"></String>
          </TextLine>

          
          
          <TextLine ID="eSc_line_7efe6b17"
                    TAGREFS="LT555"
                    BASELINE="300 1197 880 1195" 
                    HPOS="292"
                    VPOS="1118"
                    WIDTH="588"
                    HEIGHT="110">
            <Shape><Polygon POINTS="300 1197 292 1139 321 1118 321 1118 323 1118 323 1118 325 1118 325 1118 325 1118 327 1118 327 1118 327 1118 379 1129 472 1118 472 1118 474 1118 474 1118 476 1118 476 1118 476 1118 478 1118 503 1135 522 1122 524 1122 524 1122 526 1122 526 1122 526 1122 528 1122 528 1122 530 1122 567 1133 582 1120 582 1120 584 1120 584 1120 584 1120 586 1120 586 1120 586 1120 588 1120 588 1120 679 1135 752 1118 752 1118 752 1118 754 1118 754 1118 754 1118 756 1118 756 1118 756 1118 758 1118 783 1137 876 1137 880 1195 878 1207 785 1226 785 1226 785 1226 783 1226 783 1226 700 1213 615 1226 615 1226 613 1226 613 1226 613 1226 534 1209 532 1209 532 1209 516 1224 516 1226 516 1226 514 1226 514 1226 514 1226 511 1226 511 1226 511 1228 464 1228 462 1226 462 1226 460 1226 460 1226 460 1226 426 1209 424 1209 300 1209"/></Shape>
	    <String CONTENT="Et ord, &amp; impudique."
                    HPOS="292"
                    VPOS="1118"
                    WIDTH="588"
                    HEIGHT="110"></String>
          </TextLine>

          
          
          <TextLine ID="eSc_line_c8d57a7e"
                    TAGREFS="LT555"
                    BASELINE="215 1290 1121 1284" 
                    HPOS="209"
                    VPOS="1199"
                    WIDTH="912"
                    HEIGHT="120">
            <Shape><Polygon POINTS="215 1290 209 1203 404 1201 406 1201 406 1201 408 1201 408 1201 408 1201 410 1201 410 1201 410 1203 414 1205 433 1224 489 1226 572 1222 586 1207 594 1201 594 1199 594 1199 596 1199 596 1199 596 1199 598 1199 598 1199 601 1199 601 1199 601 1199 603 1199 603 1199 603 1199 605 1199 605 1199 613 1207 632 1222 652 1207 661 1201 663 1201 663 1201 663 1201 665 1201 665 1201 667 1201 667 1201 667 1201 669 1201 694 1209 748 1226 779 1209 785 1207 785 1207 785 1207 787 1207 787 1207 789 1207 789 1207 789 1207 791 1207 791 1207 800 1209 829 1224 843 1211 856 1199 856 1199 858 1199 858 1199 858 1199 860 1199 860 1199 860 1199 862 1199 862 1199 864 1199 864 1199 864 1199 866 1199 882 1211 903 1224 1115 1216 1121 1284 1121 1315 1034 1317 1032 1317 1032 1317 1032 1317 1030 1317 1030 1317 1023 1315 990 1301 928 1301 914 1313 909 1317 909 1317 907 1317 907 1317 907 1317 905 1317 905 1317 905 1317 903 1317 829 1313 781 1309 777 1311 768 1319 768 1319 766 1319 766 1319 766 1319 764 1319 764 1319 764 1319 762 1319 762 1319 760 1319 731 1311 702 1303 675 1311 654 1315 652 1315 652 1315 650 1315 650 1315 648 1315 623 1309 596 1303 588 1309 582 1313 580 1313 580 1313 580 1313 578 1313 578 1313 578 1313 576 1313 433 1307 379 1305 366 1305 292 1317 292 1317 290 1317 290 1317 290 1317 213 1303"/></Shape>
	    <String CONTENT="Ma Dame alors en face gracieuſe"
                    HPOS="209"
                    VPOS="1199"
                    WIDTH="912"
                    HEIGHT="120"></String>
          </TextLine>

          
          
          <TextLine ID="eSc_line_2357dbb8"
                    TAGREFS="LT555"
                    BASELINE="302 1381 1208 1381" 
                    HPOS="298"
                    VPOS="1305"
                    WIDTH="910"
                    HEIGHT="107">
            <Shape><Polygon POINTS="302 1381 298 1332 344 1307 344 1307 344 1307 346 1307 346 1307 346 1307 348 1307 348 1307 350 1307 350 1307 350 1307 352 1307 352 1307 352 1309 368 1325 406 1311 406 1311 408 1311 408 1311 410 1311 410 1311 410 1311 412 1311 412 1311 412 1311 414 1311 414 1311 433 1327 447 1327 572 1330 584 1323 611 1305 613 1305 613 1305 613 1305 615 1305 615 1305 617 1305 617 1305 617 1305 619 1305 619 1305 657 1321 673 1327 690 1319 725 1305 725 1305 727 1305 727 1305 729 1305 843 1305 843 1305 843 1305 845 1305 845 1305 845 1305 847 1305 860 1315 870 1321 903 1313 936 1305 938 1305 938 1305 940 1305 940 1305 943 1305 943 1305 961 1311 1005 1327 1206 1305 1208 1381 1208 1406 1127 1412 1125 1412 1125 1412 1125 1412 1123 1412 1123 1412 1121 1412 1121 1412 1113 1406 1102 1398 1079 1406 1061 1412 1059 1412 1059 1412 1059 1412 1057 1412 1057 1412 1057 1412 1054 1412 1054 1412 1052 1412 1052 1412 1052 1410 1046 1406 1038 1398 1017 1404 994 1412 992 1412 992 1412 992 1412 990 1412 990 1412 988 1412 988 1412 988 1412 986 1412 974 1404 963 1398 918 1404 856 1412 856 1412 853 1412 853 1412 851 1412 816 1402 800 1398 783 1402 752 1412 750 1412 750 1412 750 1412 748 1412 748 1412 746 1412 746 1412 746 1412 744 1412 729 1402 727 1400 723 1402 702 1410 702 1410 700 1410 700 1410 700 1410 698 1410 698 1410 696 1410 696 1410 696 1410 694 1410 694 1410 694 1408 686 1402 681 1398 561 1398 545 1400 462 1412 462 1412 460 1412 460 1412 458 1412 458 1412 458 1412 429 1398 426 1398 426 1398 400 1410 400 1410 397 1410 397 1410 397 1410 395 1410 395 1410 300 1396"/></Shape>
	    <String CONTENT="Me reſpondoit: Ie ſuis plus curieuſe,"
                    HPOS="298"
                    VPOS="1305"
                    WIDTH="910"
                    HEIGHT="107"></String>
          </TextLine>

          
          
          <TextLine ID="eSc_line_f8ebda9e"
                    TAGREFS="LT555"
                    BASELINE="300 1472 876 1472" 
                    HPOS="298"
                    VPOS="1398"
                    WIDTH="582"
                    HEIGHT="99">
            <Shape><Polygon POINTS="300 1472 298 1406 387 1398 387 1398 389 1398 389 1398 389 1398 424 1406 462 1417 644 1417 659 1408 673 1398 675 1398 675 1398 675 1398 677 1398 677 1398 679 1398 748 1398 748 1398 748 1398 750 1398 750 1398 750 1398 771 1408 781 1414 874 1410 876 1472 880 1483 868 1495 868 1497 868 1497 866 1497 866 1497 866 1497 864 1497 864 1497 864 1497 862 1497 862 1497 791 1487 642 1497 640 1497 640 1497 640 1497 638 1497 605 1487 300 1487"/></Shape>
	    <String CONTENT="Et moins ne me ſoucie,"
                    HPOS="298"
                    VPOS="1398"
                    WIDTH="582"
                    HEIGHT="99"></String>
          </TextLine>

          
          
          <TextLine ID="eSc_line_42533eae"
                    TAGREFS="LT555"
                    BASELINE="300 1559 1293 1564" 
                    HPOS="296"
                    VPOS="1483"
                    WIDTH="997"
                    HEIGHT="114">
            <Shape><Polygon POINTS="300 1559 298 1491 402 1483 404 1483 404 1483 404 1483 406 1483 435 1491 447 1493 458 1491 476 1483 476 1483 478 1483 478 1483 480 1483 480 1483 480 1483 482 1483 482 1483 485 1483 485 1483 485 1485 493 1491 503 1501 601 1501 611 1491 617 1485 617 1483 617 1483 619 1483 619 1483 619 1483 621 1483 621 1483 623 1483 671 1483 671 1483 671 1483 673 1483 673 1483 673 1483 675 1483 675 1483 683 1491 698 1499 777 1491 793 1489 793 1489 795 1489 795 1489 797 1489 797 1489 797 1489 800 1489 800 1489 800 1491 816 1504 897 1504 907 1493 907 1491 907 1491 909 1491 909 1491 909 1491 911 1491 911 1491 911 1491 911 1491 914 1491 914 1491 914 1491 916 1491 916 1491 916 1491 918 1491 918 1491 932 1504 1015 1504 1040 1491 1052 1485 1052 1485 1054 1485 1054 1485 1054 1485 1057 1485 1121 1487 1121 1487 1121 1487 1123 1487 1123 1487 1125 1487 1125 1487 1125 1489 1127 1491 1139 1499 1156 1491 1162 1485 1164 1485 1164 1485 1164 1485 1166 1485 1166 1485 1168 1485 1168 1485 1168 1485 1171 1485 1171 1485 1183 1491 1212 1501 1239 1491 1253 1485 1253 1485 1256 1485 1256 1485 1256 1485 1258 1485 1258 1485 1293 1491 1293 1564 1289 1586 1227 1578 1208 1588 1195 1595 1195 1595 1195 1595 1193 1595 1193 1595 1193 1597 1057 1597 1054 1595 1054 1595 1052 1595 1052 1595 1052 1595 1050 1595 1042 1588 1028 1578 920 1578 880 1588 862 1595 860 1595 860 1595 860 1595 858 1595 858 1595 856 1595 856 1595 856 1595 843 1588 818 1576 735 1576 692 1591 683 1593 681 1593 681 1593 681 1593 679 1593 679 1593 677 1593 677 1593 669 1591 640 1576 561 1576 543 1591 540 1593 540 1593 538 1593 538 1593 538 1593 536 1593 536 1593 536 1595 480 1595 478 1593 478 1593 476 1593 476 1593 476 1593 474 1593 474 1593 474 1591 472 1591 458 1576 422 1576 406 1591 406 1591 406 1593 406 1593 404 1593 404 1593 404 1593 402 1593 402 1593 400 1593 296 1591"/></Shape>
	    <String CONTENT="Que de garder ma vie, &amp; ma perſonne,"
                    HPOS="296"
                    VPOS="1483"
                    WIDTH="997"
                    HEIGHT="114"></String>
          </TextLine>

          
          
          <TextLine ID="eSc_line_c71bd2ff"
                    TAGREFS="LT555"
                    BASELINE="298 1655 1191 1651" 
                    HPOS="296"
                    VPOS="1582"
                    WIDTH="895"
                    HEIGHT="91">
            <Shape><Polygon POINTS="298 1655 296 1588 443 1588 443 1588 443 1588 445 1588 453 1591 507 1607 628 1595 636 1595 636 1595 638 1595 638 1595 640 1595 640 1595 642 1595 673 1607 692 1597 698 1591 700 1591 700 1591 700 1591 702 1591 702 1591 702 1591 771 1588 773 1588 934 1601 990 1605 994 1603 1021 1582 1021 1582 1023 1582 1023 1582 1023 1582 1025 1582 1025 1582 1028 1582 1028 1582 1028 1582 1090 1595 1117 1582 1117 1582 1117 1582 1119 1582 1119 1582 1121 1582 1121 1582 1123 1582 1123 1582 1189 1607 1191 1651 1189 1673 296 1667"/></Shape>
	    <String CONTENT="D&#x27;entretenir ma renommee bonne,"
                    HPOS="296"
                    VPOS="1582"
                    WIDTH="895"
                    HEIGHT="91"></String>
          </TextLine>

          
          
          <TextLine ID="eSc_line_14ee91dc"
                    TAGREFS="LT555"
                    BASELINE="300 1746 930 1742" 
                    HPOS="294"
                    VPOS="1665"
                    WIDTH="636"
                    HEIGHT="100">
            <Shape><Polygon POINTS="300 1746 294 1690 346 1667 346 1667 348 1667 348 1667 350 1667 420 1667 420 1667 420 1667 422 1667 474 1684 518 1675 518 1675 518 1675 520 1675 520 1675 522 1675 522 1675 522 1675 524 1675 524 1675 532 1684 534 1684 534 1684 547 1675 549 1675 549 1675 549 1675 551 1675 551 1675 551 1675 553 1675 636 1682 667 1684 673 1682 702 1665 702 1665 702 1665 704 1665 704 1665 706 1665 787 1665 787 1665 787 1665 789 1665 789 1665 789 1665 791 1665 791 1665 791 1667 804 1678 810 1686 880 1686 889 1675 899 1667 899 1665 899 1665 901 1665 901 1665 901 1665 903 1665 903 1665 903 1665 905 1665 905 1665 907 1665 907 1665 907 1665 928 1675 930 1742 926 1765 298 1762"/></Shape>
	    <String CONTENT="Claire, &amp; non obſcurcie."
                    HPOS="294"
                    VPOS="1665"
                    WIDTH="636"
                    HEIGHT="100"></String>
          </TextLine>

          
          
          <TextLine ID="eSc_line_d874ddd1"
                    TAGREFS="LT555"
                    BASELINE="211 1841 1102 1837" 
                    HPOS="207"
                    VPOS="1752"
                    WIDTH="895"
                    HEIGHT="116">
            <Shape><Polygon POINTS="211 1841 207 1775 275 1775 277 1773 304 1754 306 1754 306 1754 306 1754 308 1754 308 1754 310 1754 391 1754 391 1754 391 1754 393 1754 393 1754 393 1754 395 1754 395 1754 395 1756 406 1765 472 1754 472 1754 474 1754 474 1754 474 1754 476 1754 476 1754 478 1754 501 1769 505 1771 514 1769 567 1754 569 1754 569 1754 572 1754 572 1754 665 1762 706 1752 708 1752 708 1752 710 1752 710 1752 710 1752 712 1752 712 1752 712 1752 715 1752 731 1765 739 1771 752 1765 783 1752 783 1752 785 1752 785 1752 785 1752 787 1752 922 1762 1034 1771 1096 1760 1102 1837 1096 1864 1054 1852 924 1852 907 1864 907 1864 905 1864 905 1864 905 1864 905 1864 903 1864 903 1864 903 1864 901 1864 901 1864 899 1864 899 1864 899 1864 864 1852 715 1864 702 1864 700 1864 700 1864 700 1864 698 1864 698 1864 696 1864 667 1852 654 1864 652 1864 652 1866 652 1866 650 1866 650 1866 648 1866 648 1866 648 1866 646 1866 646 1866 646 1866 632 1864 590 1854 563 1864 557 1866 557 1866 555 1866 555 1866 555 1866 553 1866 553 1866 551 1866 540 1864 501 1854 464 1864 451 1866 449 1866 449 1866 449 1868 315 1868 312 1866 312 1866 310 1866 310 1866 310 1866 308 1866 308 1866 308 1864 306 1864 296 1854 211 1862"/></Shape>
	    <String CONTENT="Außi plus tost l&#x27;ordre des elemens,"
                    HPOS="207"
                    VPOS="1752"
                    WIDTH="895"
                    HEIGHT="116"></String>
          </TextLine>

          
          
          <TextLine ID="eSc_line_adb4732f"
                    TAGREFS="LT555"
                    BASELINE="296 1928 1359 1924" 
                    HPOS="290"
                    VPOS="1843"
                    WIDTH="1069"
                    HEIGHT="114">
            <Shape><Polygon POINTS="296 1928 290 1866 339 1845 339 1845 341 1845 341 1845 344 1845 344 1845 344 1845 346 1845 397 1862 416 1845 416 1845 418 1845 418 1845 418 1845 420 1845 420 1845 422 1845 422 1845 422 1845 424 1845 462 1858 493 1845 493 1845 495 1845 495 1845 497 1845 572 1845 572 1845 572 1845 574 1845 574 1845 574 1845 576 1845 576 1845 576 1847 586 1856 669 1845 669 1845 671 1845 671 1845 671 1845 673 1845 719 1862 723 1862 768 1862 768 1860 783 1847 783 1845 783 1845 785 1845 785 1845 785 1845 787 1845 787 1845 787 1845 789 1845 789 1845 872 1860 876 1860 878 1860 909 1843 909 1843 909 1843 911 1843 911 1843 911 1843 914 1843 914 1843 916 1843 967 1856 1036 1843 1036 1843 1036 1843 1038 1843 1038 1843 1040 1843 1040 1843 1040 1843 1069 1858 1073 1860 1353 1856 1359 1924 1357 1943 1289 1943 1287 1943 1262 1955 1262 1955 1262 1955 1260 1955 1260 1955 1258 1955 1258 1955 1258 1955 1256 1955 1256 1955 1256 1955 1253 1955 1237 1943 1237 1943 1229 1943 1146 1955 1146 1955 1146 1957 1019 1957 1017 1955 1017 1955 1015 1955 1015 1955 1015 1955 1013 1955 1013 1955 1003 1947 1001 1945 999 1947 978 1955 978 1955 976 1955 976 1955 976 1957 758 1957 756 1955 756 1955 754 1955 754 1955 754 1955 752 1955 752 1955 746 1949 742 1945 735 1949 719 1957 719 1957 719 1957 717 1957 717 1957 717 1957 715 1957 715 1957 712 1957 712 1957 712 1957 710 1957 710 1957 702 1949 696 1945 692 1949 681 1957 679 1957 679 1957 679 1957 677 1957 677 1957 677 1957 675 1957 675 1957 636 1951 605 1945 296 1953"/></Shape>
	    <String CONTENT="Et des haults cieux les diuins mouuemens,"
                    HPOS="290"
                    VPOS="1843"
                    WIDTH="1069"
                    HEIGHT="114"></String>
          </TextLine>

          
          
          <TextLine ID="eSc_line_4722b190"
                    TAGREFS="LT555"
                    BASELINE="294 2021 932 2021" 
                    HPOS="292"
                    VPOS="1937"
                    WIDTH="640"
                    HEIGHT="140">
            <Shape><Polygon POINTS="294 2021 292 1957 406 1937 406 1937 408 1937 497 1937 497 1937 497 1937 499 1937 499 1937 499 1937 501 1937 501 1939 516 1949 524 1941 524 1941 526 1941 526 1941 526 1941 528 1941 528 1941 528 1941 530 1941 530 1941 532 1941 532 1941 532 1941 534 1941 534 1941 553 1957 603 1957 621 1941 621 1939 621 1939 623 1939 623 1939 625 1939 625 1939 625 1939 628 1939 628 1939 630 1939 630 1939 630 1939 663 1955 686 1937 686 1937 688 1937 688 1937 688 1937 690 1937 690 1937 692 1937 692 1937 692 1937 694 1937 694 1937 694 1937 731 1957 804 1957 845 1937 845 1937 847 1937 847 1937 847 1937 849 1937 849 1937 849 1937 932 1957 932 2021 930 2053 885 2046 837 2050 831 2057 816 2069 816 2069 814 2069 814 2069 814 2069 812 2069 812 2069 686 2075 683 2075 683 2075 683 2075 681 2075 681 2075 654 2063 632 2050 480 2046 466 2059 466 2061 466 2061 464 2061 464 2061 464 2061 462 2061 462 2061 460 2061 460 2061 395 2055 371 2073 368 2075 368 2075 366 2075 366 2075 366 2075 364 2075 364 2075 364 2077 294 2077"/></Shape>
	    <String CONTENT="Faudroient à leur office,"
                    HPOS="292"
                    VPOS="1937"
                    WIDTH="640"
                    HEIGHT="140"></String>
          </TextLine>

          
        </TextBlock>
        
        <TextBlock HPOS="1258"
                   VPOS="2030"
                   WIDTH="114"
                   HEIGHT="97"
                   ID="eSc_textblock_57212d14"
                   TAGREFS="BT1667">
          <Shape><Polygon POINTS="1363 2030 1372 2111 1258 2127 1258 2030"/></Shape>
          
          
          <TextLine ID="eSc_line_6a48ed96"
                    TAGREFS="LT555"
                    BASELINE="1253 2098 1365 2092" 
                    HPOS="1245"
                    VPOS="2005"
                    WIDTH="120"
                    HEIGHT="141">
            <Shape><Polygon POINTS="1253 2098 1245 2040 1318 2005 1318 2005 1318 2005 1320 2005 1320 2005 1322 2005 1322 2005 1322 2005 1324 2005 1361 2017 1365 2092 1363 2146 1251 2142"/></Shape>
	    <String CONTENT="Qu&#x27;à"
                    HPOS="1245"
                    VPOS="2005"
                    WIDTH="120"
                    HEIGHT="141"></String>
          </TextLine>

          
        </TextBlock>
        

        
      </PrintSpace>
    </Page>
  </Layout>
</alto>
