<?xml version="1.0" encoding="UTF-8"?>
<alto xmlns:xsi="http://www.w3.org/2001/XMLSchema-instance"
      xmlns="http://www.loc.gov/standards/alto/ns-v4#"
      xsi:schemaLocation="http://www.loc.gov/standards/alto/ns-v4# http://www.loc.gov/standards/alto/v4/alto-4-2.xsd">
  <Description>
    <MeasurementUnit>pixel</MeasurementUnit>
    <sourceImageInformation>
      <fileName>91.jpg</fileName>
      
    </sourceImageInformation>
  </Description>
  
  <Tags>
    <OtherTag ID="BT1670" LABEL="TitlePageZone" DESCRIPTION="block type TitlePageZone"/><OtherTag ID="BT1663" LABEL="DropCapitalZone" DESCRIPTION="block type DropCapitalZone"/><OtherTag ID="BT1669" LABEL="StampZone" DESCRIPTION="block type StampZone"/><OtherTag ID="BT1668" LABEL="RunningTitleZone" DESCRIPTION="block type RunningTitleZone"/><OtherTag ID="BT1667" LABEL="QuireMarksZone" DESCRIPTION="block type QuireMarksZone"/><OtherTag ID="BT1666" LABEL="NumberingZone" DESCRIPTION="block type NumberingZone"/><OtherTag ID="BT1665" LABEL="MainZone" DESCRIPTION="block type MainZone"/><OtherTag ID="BT1664" LABEL="GraphicZone" DESCRIPTION="block type GraphicZone"/>
    <OtherTag ID="LT557" LABEL="HeadingLine" DESCRIPTION="line type HeadingLine"/><OtherTag ID="LT556" LABEL="DropCapitalLine" DESCRIPTION="line type DropCapitalLine"/><OtherTag ID="LT555" LABEL="DefaultLine" DESCRIPTION="line type DefaultLine"/>
  </Tags>
  
  <Layout>
    <Page WIDTH="1457"
          HEIGHT="2490"
          PHYSICAL_IMG_NR="90"
          ID="eSc_dummypage_">
      <PrintSpace HPOS="0"
                  VPOS="0"
                  WIDTH="1457"
                  HEIGHT="2490">
        
        <TextBlock HPOS="328"
                   VPOS="124"
                   WIDTH="626"
                   HEIGHT="70"
                   ID="eSc_textblock_9e517a86"
                   TAGREFS="BT1668">
          <Shape><Polygon POINTS="931 129 954 162 949 191 328 194 340 132 523 124"/></Shape>
          
          
          <TextLine ID="eSc_line_1f48bfa4"
                    TAGREFS="LT557"
                    BASELINE="330 186 946 180" 
                    HPOS="325"
                    VPOS="112"
                    WIDTH="625"
                    HEIGHT="87">
            <Shape><Polygon POINTS="330 186 325 130 410 114 413 114 415 114 417 114 435 126 440 126 531 114 533 114 535 114 556 124 558 124 572 112 574 112 576 112 579 112 637 120 647 122 657 120 699 112 701 112 736 118 757 122 940 114 946 180 950 186 929 199 927 199 925 199 923 199 327 192"/></Shape>
	    <String CONTENT="AMOVREVSES."
                    HPOS="325"
                    VPOS="112"
                    WIDTH="625"
                    HEIGHT="87"></String>
          </TextLine>

          
        </TextBlock>
        
        <TextBlock HPOS="1227"
                   VPOS="123"
                   WIDTH="96"
                   HEIGHT="88"
                   ID="eSc_textblock_b095205d"
                   TAGREFS="BT1666">
          <Shape><Polygon POINTS="1323 141 1315 211 1227 188 1246 123"/></Shape>
          
          
          <TextLine ID="eSc_line_c6c9b778"
                    TAGREFS="LT555"
                    BASELINE="1237 172 1302 197" 
                    HPOS="1224"
                    VPOS="112"
                    WIDTH="89"
                    HEIGHT="114">
            <Shape><Polygon POINTS="1236 170 1255 112 1313 149 1301 195 1286 226 1224 197"/></Shape>
	    <String CONTENT="85"
                    HPOS="1224"
                    VPOS="112"
                    WIDTH="89"
                    HEIGHT="114"></String>
          </TextLine>

          
        </TextBlock>
        
        <TextBlock HPOS="49"
                   VPOS="219"
                   WIDTH="1175"
                   HEIGHT="1849"
                   ID="eSc_textblock_b97da36b"
                   TAGREFS="BT1665">
          <Shape><Polygon POINTS="1140 249 1149 404 861 412 734 454 828 572 1050 581 1083 622 1075 686 869 730 1166 771 1183 805 1116 952 892 1002 1133 1054 1216 1145 1224 1226 817 1269 1016 1328 1016 1508 859 1558 1008 1593 1019 1651 1124 1684 1141 1782 909 1815 1199 1875 1204 1959 1132 1963 1115 1981 1097 1997 1089 2030 1053 2050 798 2040 554 2068 124 2048 124 1701 49 1666 58 1585 124 1550 124 1186 49 1118 49 1054 132 1002 141 622 58 578 58 531 141 462 157 224 252 219 346 229 423 223 1142 221"/></Shape>
          
          
          <TextLine ID="eSc_line_c60fc207"
                    TAGREFS="LT555"
                    BASELINE="153 292 722 286 1135 292" 
                    HPOS="147"
                    VPOS="205"
                    WIDTH="988"
                    HEIGHT="114">
            <Shape><Polygon POINTS="153 292 147 228 205 205 205 205 207 205 207 205 209 205 209 205 209 205 294 226 381 226 400 207 400 205 400 205 402 205 402 205 402 205 404 205 404 205 406 205 406 205 406 205 408 205 408 205 454 226 533 226 599 226 599 224 635 211 635 211 637 211 637 211 639 211 639 211 755 224 765 224 767 224 778 213 778 211 778 211 780 211 780 211 780 211 782 211 782 211 877 205 880 205 1133 222 1135 292 1133 305 1046 317 1046 317 1043 317 1043 317 1043 317 1041 317 1041 317 1016 307 1004 302 828 302 811 311 805 315 803 315 803 315 801 315 801 315 801 315 799 315 799 315 799 315 796 315 796 315 786 311 765 300 757 309 757 311 757 311 755 311 755 311 755 311 755 311 753 311 753 311 753 311 751 311 751 311 747 311 691 302 676 313 670 317 670 317 668 317 668 317 666 317 666 317 666 319 622 319 620 317 620 317 618 317 618 317 618 317 610 313 585 300 442 313 440 313 440 313 305 300 259 317 259 317 257 317 257 317 257 317 153 319"/></Shape>
	    <String CONTENT="Qu&#x27;à mon honneur, qui est la belle roſe,"
                    HPOS="147"
                    VPOS="205"
                    WIDTH="988"
                    HEIGHT="114"></String>
          </TextLine>

          
          
          <TextLine ID="eSc_line_e8479ed5"
                    TAGREFS="LT555"
                    BASELINE="147 383 1141 383" 
                    HPOS="141"
                    VPOS="307"
                    WIDTH="1000"
                    HEIGHT="108">
            <Shape><Polygon POINTS="147 383 141 329 172 307 174 307 176 307 178 307 180 307 226 329 331 321 462 332 469 323 483 311 483 309 485 309 487 309 489 309 491 309 493 309 493 311 508 323 516 332 697 332 713 319 730 307 732 307 734 307 736 307 817 307 819 307 821 307 838 317 857 329 871 317 875 313 877 313 880 313 882 313 904 317 967 327 1000 315 1019 307 1021 307 1023 307 1141 313 1141 383 1141 404 1064 412 1062 412 1060 412 1058 412 1050 404 1046 402 1041 404 1031 412 1029 412 1027 412 1025 412 985 404 948 396 915 404 880 412 877 412 875 412 873 412 848 404 830 396 813 402 792 412 790 412 790 415 720 415 718 412 716 412 713 412 713 410 705 402 697 396 583 396 570 402 554 412 552 412 550 412 550 415 469 415 466 412 464 412 462 412 446 400 437 396 392 400 319 408 317 408 315 408 298 400 290 396 147 398"/></Shape>
	    <String CONTENT="Dont i&#x27;orneray mon chef ſur toute choſe,"
                    HPOS="141"
                    VPOS="307"
                    WIDTH="1000"
                    HEIGHT="108"></String>
          </TextLine>

          
          
          <TextLine ID="eSc_line_2a9d7cd2"
                    TAGREFS="LT555"
                    BASELINE="147 475 655 468" 
                    HPOS="143"
                    VPOS="375"
                    WIDTH="517"
                    HEIGHT="131">
            <Shape><Polygon POINTS="147 475 143 406 284 404 286 400 309 377 309 375 309 375 311 375 311 375 311 375 313 375 313 375 315 375 612 375 612 375 612 375 614 375 653 388 655 468 660 481 639 493 637 493 637 493 635 493 635 493 635 493 633 493 633 493 630 493 630 493 630 493 628 493 616 483 595 502 595 502 593 502 593 502 593 502 591 502 591 502 591 504 508 504 506 502 506 502 504 502 504 502 504 502 471 485 442 504 440 504 440 504 440 504 437 504 437 504 437 506 404 506 402 504 402 504 400 504 400 504 400 504 398 504 398 502 383 489 375 495 375 498 375 498 373 498 373 498 373 498 371 498 371 498 369 498 369 498 369 498 367 498 367 498 342 485 145 483"/></Shape>
	    <String CONTENT="Un oultrage ie fiſſe."
                    HPOS="143"
                    VPOS="375"
                    WIDTH="517"
                    HEIGHT="131"></String>
          </TextLine>

          
          
          <TextLine ID="eSc_line_93cd5cc2"
                    TAGREFS="LT555"
                    BASELINE="60 570 759 558" 
                    HPOS="51"
                    VPOS="481"
                    WIDTH="708"
                    HEIGHT="116">
            <Shape><Polygon POINTS="60 570 51 510 105 491 107 491 107 491 107 491 110 491 110 491 110 491 112 491 163 508 168 508 269 508 271 506 298 487 300 487 300 487 300 487 303 487 303 487 303 487 305 487 429 498 442 487 442 485 442 485 444 485 444 485 444 485 446 485 446 485 446 485 448 485 448 485 512 493 529 483 531 483 531 483 533 483 533 483 533 483 535 483 535 483 535 483 537 483 537 483 576 500 576 500 576 500 633 481 635 481 635 481 635 481 637 481 637 481 755 498 759 558 759 574 695 589 695 589 695 589 693 589 508 578 454 593 452 593 452 593 450 593 450 593 336 578 325 578 323 578 294 597 292 597 292 597 290 597 290 597 290 597 288 597 288 597 286 597 222 581 222 581 220 581 174 595 172 595 172 595 172 595 170 595 170 595 58 581"/></Shape>
	    <String CONTENT="Et toutesfois l&#x27;affection logee"
                    HPOS="51"
                    VPOS="481"
                    WIDTH="708"
                    HEIGHT="116"></String>
          </TextLine>

          
          
          <TextLine ID="eSc_line_b2d621ae"
                    TAGREFS="LT555"
                    BASELINE="147 657 1064 657" 
                    HPOS="141"
                    VPOS="576"
                    WIDTH="923"
                    HEIGHT="104">
            <Shape><Polygon POINTS="147 657 143 589 190 576 193 576 193 576 195 576 195 576 197 576 197 576 197 576 199 576 217 589 230 597 315 597 327 589 352 576 352 576 352 576 354 576 354 576 356 576 356 576 356 576 359 576 359 576 359 576 383 589 396 597 448 597 456 589 469 578 469 578 471 578 471 578 471 578 473 578 473 578 473 578 475 578 475 578 477 578 477 578 477 578 479 578 496 589 506 597 595 597 606 591 626 576 628 576 628 576 628 576 630 576 630 576 633 576 633 576 633 576 697 589 732 576 732 576 734 576 734 576 736 576 832 576 832 576 832 576 834 576 877 591 888 595 892 591 906 578 906 576 906 576 909 576 909 576 909 576 911 576 911 576 913 576 983 576 983 576 983 576 985 576 985 576 985 576 987 576 987 578 1004 591 1004 593 1064 593 1064 657 1062 678 367 668 365 668 356 676 356 678 356 678 354 678 354 678 354 678 352 678 352 678 352 678 350 678 182 670 170 680 170 680 168 680 168 680 168 680 166 680 166 680 166 680 163 680 163 680 161 680 161 680 161 680 159 680 159 680 141 666"/></Shape>
	    <String CONTENT="En ton bon cœur m&#x27;ha ſi fort obligee,"
                    HPOS="141"
                    VPOS="576"
                    WIDTH="923"
                    HEIGHT="104"></String>
          </TextLine>

          
          
          <TextLine ID="eSc_line_76b792f3"
                    TAGREFS="LT555"
                    BASELINE="149 742 805 742" 
                    HPOS="145"
                    VPOS="676"
                    WIDTH="660"
                    HEIGHT="106">
            <Shape><Polygon POINTS="149 742 145 693 182 676 182 676 184 676 184 676 184 676 186 676 186 676 188 676 236 690 240 693 363 693 369 688 392 676 392 676 392 676 394 676 394 676 396 676 458 676 458 676 458 676 460 676 460 676 460 676 462 676 462 676 473 686 479 690 487 686 506 676 506 676 506 676 508 676 508 676 510 676 510 676 510 676 550 684 583 693 670 693 693 682 705 676 705 676 707 676 707 676 707 676 709 676 709 676 734 680 784 690 799 678 805 742 803 769 736 759 595 771 587 771 585 771 585 771 585 771 583 771 583 771 583 771 583 771 581 771 581 771 581 769 568 759 531 759 516 771 510 778 510 780 510 780 508 780 508 780 508 780 506 780 506 780 506 782 354 782 352 780 352 780 350 780 350 780 350 780 348 780 348 780 342 773 325 761 257 761 242 773 236 778 236 780 236 780 234 780 234 780 232 780 232 780 232 780 230 780 147 773"/></Shape>
	    <String CONTENT="Que ie ne ſuis plus mienne:"
                    HPOS="145"
                    VPOS="676"
                    WIDTH="660"
                    HEIGHT="106"></String>
          </TextLine>

          
          
          <TextLine ID="eSc_line_64a93c15"
                    TAGREFS="LT555"
                    BASELINE="141 838 1164 834" 
                    HPOS="134"
                    VPOS="765"
                    WIDTH="1032"
                    HEIGHT="100">
            <Shape><Polygon POINTS="141 838 134 784 168 767 168 767 168 767 170 767 170 767 172 767 296 767 296 767 296 767 298 767 298 767 342 782 410 771 410 771 413 771 413 771 493 782 496 782 498 782 516 767 516 767 518 767 518 767 520 767 520 767 520 767 523 767 523 767 608 782 616 782 630 782 753 771 755 771 755 771 863 780 867 780 867 780 911 765 911 765 913 765 913 765 915 765 963 765 963 765 963 765 965 765 965 765 965 765 967 765 987 780 987 780 994 780 1093 765 1093 765 1095 765 1095 765 1095 765 1160 780 1164 834 1166 842 1120 861 1120 861 1118 861 1118 861 1116 861 778 846 765 846 765 846 734 861 734 861 734 861 732 861 732 861 730 861 730 861 730 861 655 848 618 863 618 863 616 863 616 863 616 865 491 865 489 863 489 863 487 863 487 863 487 863 485 863 485 861 471 848 469 848 466 848 398 861 398 861 396 861 396 861 396 861 394 861 394 861 392 861 373 850 369 848 141 850"/></Shape>
	    <String CONTENT="Mais tout ainſi, que tu te monstres tant"
                    HPOS="134"
                    VPOS="765"
                    WIDTH="1032"
                    HEIGHT="100"></String>
          </TextLine>

          
          
          <TextLine ID="eSc_line_572e2baf"
                    TAGREFS="LT555"
                    BASELINE="145 929 1091 933" 
                    HPOS="145"
                    VPOS="850"
                    WIDTH="946"
                    HEIGHT="110">
            <Shape><Polygon POINTS="145 929 145 873 201 873 203 873 217 859 217 856 217 856 220 856 220 856 220 856 222 856 222 856 222 856 224 856 224 856 226 856 226 856 226 856 259 873 261 875 321 875 325 873 400 850 402 850 402 850 404 850 404 850 404 850 406 850 406 850 406 850 408 850 408 850 433 873 435 875 502 875 502 873 512 865 512 863 512 863 514 863 514 863 514 863 516 863 516 863 516 863 518 863 608 869 630 852 630 852 633 852 633 852 633 852 635 852 635 852 637 852 857 859 857 859 857 859 859 859 859 859 900 875 902 875 904 875 950 852 950 852 950 852 952 852 952 852 954 852 954 852 954 852 956 852 956 852 1010 873 1041 854 1043 854 1043 854 1046 854 1046 854 1046 854 1048 854 1048 854 1050 854 1050 854 1050 854 1091 875 1091 933 1087 950 1014 944 963 952 915 958 915 958 913 958 913 958 913 958 911 958 911 958 911 958 909 958 909 958 909 956 902 952 894 944 817 944 799 952 790 956 790 956 790 956 788 956 788 956 786 956 786 956 755 952 697 944 682 952 676 958 676 958 674 958 674 958 672 958 672 958 672 960 620 960 618 958 618 958 585 952 523 942 475 954 462 956 460 956 460 956 458 956 458 956 458 956 456 956 456 956 448 954 417 942 294 954 267 956 267 956 265 956 265 956 251 954 188 942 145 954"/></Shape>
	    <String CONTENT="A mon honneur affecté &amp; conſtant,"
                    HPOS="145"
                    VPOS="850"
                    WIDTH="946"
                    HEIGHT="110"></String>
          </TextLine>

          
          
          <TextLine ID="eSc_line_dd6e950d"
                    TAGREFS="LT555"
                    BASELINE="141 1020 765 1016" 
                    HPOS="139"
                    VPOS="948"
                    WIDTH="626"
                    HEIGHT="95">
            <Shape><Polygon POINTS="141 1020 145 962 242 963 257 973 271 960 271 958 273 958 276 958 278 958 330 960 340 952 340 950 342 950 344 950 346 950 402 950 404 950 433 964 514 948 516 948 518 948 520 948 537 962 543 969 574 960 593 956 595 956 597 956 599 956 606 960 626 971 707 966 718 954 724 950 724 948 726 948 728 948 730 948 761 954 765 1016 763 1035 589 1041 587 1041 556 1035 537 1031 500 1035 413 1043 410 1043 408 1043 375 1033 367 1031 359 1033 336 1041 334 1041 332 1041 330 1041 327 1041 317 1033 313 1031 294 1033 228 1041 226 1041 139 1031"/></Shape>
	    <String CONTENT="Tu me trouueras tienne."
                    HPOS="139"
                    VPOS="948"
                    WIDTH="626"
                    HEIGHT="95"></String>
          </TextLine>

          
          
          <TextLine ID="eSc_line_1013258f"
                    TAGREFS="LT555"
                    BASELINE="56 1105 1131 1112" 
                    HPOS="53"
                    VPOS="1041"
                    WIDTH="1078"
                    HEIGHT="100">
            <Shape><Polygon POINTS="56 1105 56 1050 189 1043 209 1058 238 1047 240 1047 242 1047 244 1047 246 1047 259 1058 265 1058 381 1049 383 1049 460 1058 491 1060 500 1058 535 1041 537 1041 539 1041 566 1041 568 1041 570 1041 570 1043 585 1058 587 1060 593 1058 630 1041 633 1041 635 1041 728 1041 730 1041 732 1041 753 1054 807 1043 809 1043 811 1043 853 1056 880 1064 904 1056 938 1043 940 1043 942 1043 1129 1056 1131 1112 1129 1124 971 1126 940 1141 938 1141 936 1141 933 1141 904 1126 896 1126 776 1137 774 1137 772 1137 743 1126 734 1124 711 1126 628 1139 626 1139 572 1128 493 1139 491 1139 489 1139 464 1128 458 1124 452 1128 437 1139 435 1139 433 1139 431 1139 332 1137 330 1137 313 1128 298 1122 263 1122 257 1128 249 1135 249 1137 246 1137 244 1137 244 1139 195 1139 193 1137 190 1137 188 1137 178 1128 168 1122 53 1128"/></Shape>
	    <String CONTENT="Uoila pourquoy ie ſuis ſeur que ma Dame"
                    HPOS="53"
                    VPOS="1041"
                    WIDTH="1078"
                    HEIGHT="100"></String>
          </TextLine>

          
          
          <TextLine ID="eSc_line_23b8f55f"
                    TAGREFS="LT555"
                    BASELINE="139 1205 614 1201 1212 1213" 
                    HPOS="134"
                    VPOS="1122"
                    WIDTH="1078"
                    HEIGHT="114">
            <Shape><Polygon POINTS="139 1205 136 1145 207 1145 230 1128 232 1128 232 1128 232 1128 234 1128 234 1128 234 1128 236 1128 236 1128 238 1128 238 1128 238 1128 240 1128 240 1128 240 1130 242 1130 253 1145 284 1145 325 1145 327 1145 361 1122 363 1122 363 1122 363 1122 365 1122 365 1122 367 1122 450 1122 450 1122 450 1122 452 1122 452 1122 452 1122 454 1122 454 1124 454 1124 475 1145 545 1137 545 1137 547 1137 547 1137 628 1147 633 1147 635 1147 660 1124 660 1124 662 1124 662 1124 662 1124 664 1124 664 1124 666 1124 765 1124 765 1124 765 1124 767 1124 819 1141 840 1128 842 1128 842 1128 844 1128 844 1128 844 1128 846 1128 846 1128 846 1128 848 1128 848 1128 850 1128 850 1128 850 1130 850 1130 869 1149 869 1149 886 1149 938 1145 956 1128 956 1126 956 1126 958 1126 958 1126 958 1126 960 1126 960 1126 963 1126 1068 1128 1068 1128 1068 1128 1070 1128 1070 1128 1070 1128 1073 1128 1073 1128 1073 1130 1083 1139 1137 1128 1137 1128 1137 1128 1139 1128 1139 1128 1141 1128 1212 1151 1212 1213 1205 1236 1147 1220 1110 1236 1108 1236 1108 1236 1106 1236 1106 1236 1106 1236 1104 1236 1104 1236 1093 1236 987 1218 917 1218 900 1230 900 1230 898 1230 898 1230 898 1230 896 1230 896 1230 894 1230 894 1230 894 1230 857 1222 846 1232 844 1232 844 1234 844 1234 842 1234 842 1234 842 1234 840 1234 840 1234 840 1234 838 1234 765 1232 728 1228 728 1228 728 1228 726 1228 726 1228 726 1228 724 1228 707 1215 678 1230 672 1232 672 1232 672 1232 670 1232 670 1232 670 1234 554 1234 552 1232 552 1232 550 1232 550 1232 550 1232 541 1228 510 1213 413 1226 396 1228 396 1228 394 1228 394 1228 392 1228 383 1226 323 1211 259 1211 244 1224 240 1228 240 1228 238 1228 238 1228 238 1228 236 1228 236 1228 236 1228 234 1228 134 1222"/></Shape>
	    <String CONTENT="Ayme l’hõneur, et qu&#x27;elle craint le blaſme,"
                    HPOS="134"
                    VPOS="1122"
                    WIDTH="1078"
                    HEIGHT="114"></String>
          </TextLine>

          
          
          <TextLine ID="eSc_line_62570f46"
                    TAGREFS="LT555"
                    BASELINE="134 1292 732 1292" 
                    HPOS="132"
                    VPOS="1201"
                    WIDTH="602"
                    HEIGHT="124">
            <Shape><Polygon POINTS="134 1292 132 1205 296 1201 298 1201 298 1201 300 1201 300 1201 300 1201 303 1201 303 1201 317 1213 340 1234 379 1218 402 1207 402 1207 404 1207 404 1207 404 1207 406 1207 406 1207 406 1207 408 1207 448 1220 487 1234 506 1224 535 1205 537 1205 537 1205 537 1205 539 1205 539 1205 541 1205 541 1205 541 1205 543 1205 543 1205 543 1205 545 1205 545 1205 570 1226 581 1236 732 1236 732 1292 734 1307 686 1321 684 1321 684 1321 684 1321 682 1321 682 1321 680 1321 680 1321 680 1321 678 1321 678 1321 664 1309 662 1307 655 1309 626 1317 624 1317 624 1317 622 1317 622 1317 622 1317 579 1309 556 1305 543 1309 512 1323 512 1323 510 1323 510 1323 510 1325 450 1325 448 1323 448 1323 446 1323 446 1323 446 1323 419 1311 408 1307 396 1311 359 1323 356 1323 356 1323 356 1325 321 1325 319 1323 319 1323 317 1323 317 1323 317 1323 315 1323 298 1313 288 1305 269 1313 240 1323 240 1323 238 1323 238 1323 238 1325 236 1323 236 1323 234 1323 234 1323 207 1313 184 1305 134 1313"/></Shape>
	    <String CONTENT="Et ſouz tel aſſeurance"
                    HPOS="132"
                    VPOS="1201"
                    WIDTH="602"
                    HEIGHT="124"></String>
          </TextLine>

          
          
          <TextLine ID="eSc_line_56087866"
                    TAGREFS="LT555"
                    BASELINE="134 1379 990 1386" 
                    HPOS="128"
                    VPOS="1309"
                    WIDTH="862"
                    HEIGHT="104">
            <Shape><Polygon POINTS="134 1379 128 1325 149 1309 149 1309 151 1309 151 1309 151 1309 153 1309 153 1309 153 1309 155 1309 155 1309 157 1309 215 1325 222 1325 244 1325 354 1317 356 1317 356 1317 356 1317 390 1323 423 1330 475 1330 485 1321 498 1311 498 1311 500 1311 500 1311 502 1311 502 1311 502 1311 504 1311 579 1315 579 1315 581 1315 581 1315 581 1315 583 1315 583 1315 583 1317 587 1319 595 1330 666 1330 684 1319 699 1311 699 1311 699 1311 701 1311 701 1311 701 1311 703 1311 703 1311 705 1311 705 1311 705 1311 720 1317 743 1330 759 1317 763 1313 763 1313 765 1313 765 1313 765 1313 767 1313 767 1313 770 1313 770 1313 770 1313 772 1313 772 1313 772 1313 780 1317 805 1332 857 1332 884 1315 890 1313 890 1313 890 1313 892 1313 892 1313 894 1313 990 1315 990 1386 987 1408 915 1413 913 1413 913 1413 911 1413 911 1413 911 1413 902 1408 880 1398 709 1406 707 1406 707 1406 707 1406 705 1406 705 1406 705 1406 703 1406 703 1406 703 1404 697 1398 686 1408 684 1408 684 1411 684 1411 682 1411 682 1411 682 1411 680 1411 680 1411 680 1413 639 1413 637 1411 637 1411 635 1411 635 1411 635 1411 633 1411 633 1411 630 1408 614 1396 568 1396 487 1406 458 1411 458 1411 456 1411 456 1411 456 1411 454 1411 454 1411 446 1406 417 1394 132 1404"/></Shape>
	    <String CONTENT="Ie vis content: Heureuſement ainſi"
                    HPOS="128"
                    VPOS="1309"
                    WIDTH="862"
                    HEIGHT="104"></String>
          </TextLine>

          
          
          <TextLine ID="eSc_line_eb72ee59"
                    TAGREFS="LT555"
                    BASELINE="136 1471 1004 1481" 
                    HPOS="130"
                    VPOS="1400"
                    WIDTH="874"
                    HEIGHT="106">
            <Shape><Polygon POINTS="136 1471 136 1402 346 1417 356 1406 363 1402 363 1400 363 1400 365 1400 365 1400 365 1400 367 1400 367 1400 369 1400 369 1400 369 1400 371 1400 371 1400 388 1408 404 1415 427 1408 458 1400 460 1400 460 1400 462 1400 462 1400 462 1400 464 1400 464 1400 464 1400 466 1400 481 1411 496 1419 523 1411 556 1402 558 1402 558 1402 560 1402 560 1402 560 1402 562 1402 562 1402 562 1402 583 1413 597 1421 657 1421 732 1417 898 1406 900 1406 900 1406 900 1406 902 1406 902 1406 902 1406 931 1423 936 1425 1002 1425 1004 1481 1000 1502 919 1491 900 1500 892 1504 892 1504 892 1504 890 1504 890 1504 890 1504 780 1506 778 1506 778 1506 776 1506 745 1496 724 1489 716 1496 709 1500 707 1500 707 1500 707 1500 705 1500 705 1500 705 1500 703 1500 616 1494 574 1489 570 1491 558 1502 558 1502 556 1502 556 1502 556 1502 554 1502 554 1502 552 1502 552 1502 552 1502 550 1502 550 1502 550 1502 527 1489 523 1487 410 1485 406 1487 373 1502 373 1502 373 1502 371 1502 371 1502 371 1504 311 1504 309 1502 309 1502 307 1502 307 1502 307 1502 305 1502 280 1483 280 1483 276 1483 201 1500 201 1500 201 1500 199 1500 199 1500 197 1500 130 1479"/></Shape>
	    <String CONTENT="Uoyant ſon los clairement eſclarci,"
                    HPOS="130"
                    VPOS="1400"
                    WIDTH="874"
                    HEIGHT="106"></String>
          </TextLine>

          
          
          <TextLine ID="eSc_line_88d745ba"
                    TAGREFS="LT555"
                    BASELINE="132 1560 711 1568" 
                    HPOS="126"
                    VPOS="1489"
                    WIDTH="587"
                    HEIGHT="106">
            <Shape><Polygon POINTS="132 1560 128 1508 178 1489 178 1489 180 1489 180 1489 182 1489 182 1489 182 1489 184 1489 244 1510 249 1510 259 1510 356 1500 356 1500 359 1500 359 1500 361 1500 361 1500 361 1500 363 1500 363 1500 375 1512 377 1512 381 1512 433 1504 433 1504 435 1504 435 1504 435 1504 483 1514 489 1514 493 1514 562 1494 564 1494 564 1494 564 1494 566 1494 610 1496 610 1496 610 1496 612 1496 612 1496 612 1496 614 1496 614 1496 614 1498 633 1516 711 1518 711 1568 713 1577 691 1591 689 1591 689 1591 689 1591 686 1591 686 1591 684 1591 684 1591 684 1591 682 1591 639 1579 483 1595 483 1595 481 1595 481 1595 479 1595 479 1595 479 1595 477 1595 477 1595 477 1593 460 1579 446 1587 444 1587 444 1587 442 1587 442 1587 442 1587 440 1587 440 1587 373 1577 336 1593 336 1593 336 1593 334 1593 334 1593 332 1593 332 1593 332 1593 330 1593 330 1593 330 1593 327 1593 327 1593 327 1591 311 1574 249 1572 238 1572 238 1572 190 1591 190 1591 188 1591 188 1591 188 1591 186 1591 186 1591 186 1591 184 1591 126 1570"/></Shape>
	    <String CONTENT="Ie prens ma iouiſſance."
                    HPOS="126"
                    VPOS="1489"
                    WIDTH="587"
                    HEIGHT="106"></String>
          </TextLine>

          
          
          <TextLine ID="eSc_line_5597568b"
                    TAGREFS="LT555"
                    BASELINE="49 1647 996 1666" 
                    HPOS="45"
                    VPOS="1577"
                    WIDTH="951"
                    HEIGHT="118">
            <Shape><Polygon POINTS="49 1647 47 1587 101 1577 101 1577 103 1577 103 1577 103 1577 105 1577 105 1577 136 1589 147 1593 151 1589 163 1579 163 1579 166 1579 166 1579 166 1579 168 1579 168 1579 170 1579 257 1579 257 1579 257 1579 259 1579 259 1579 292 1593 303 1599 381 1599 392 1595 415 1587 415 1587 417 1587 417 1587 419 1587 419 1587 419 1587 421 1587 454 1597 469 1601 506 1599 581 1593 583 1593 583 1593 583 1593 585 1593 585 1593 587 1593 587 1593 597 1601 601 1606 720 1606 728 1606 832 1591 832 1591 834 1591 834 1591 836 1591 836 1591 836 1591 838 1591 838 1591 838 1593 850 1606 884 1593 884 1593 886 1593 886 1593 888 1593 888 1593 888 1593 996 1614 996 1666 996 1680 967 1695 967 1695 967 1695 965 1695 965 1695 963 1695 963 1695 963 1695 896 1678 888 1678 871 1678 757 1689 757 1689 755 1689 547 1676 479 1686 479 1686 477 1686 477 1686 477 1686 415 1674 396 1670 340 1672 195 1680 193 1680 45 1668"/></Shape>
	    <String CONTENT="I&#x27;ay des faueurs ce que i&#x27;en vueil auoir,"
                    HPOS="45"
                    VPOS="1577"
                    WIDTH="951"
                    HEIGHT="118"></String>
          </TextLine>

          
          
          <TextLine ID="eSc_line_63e63086"
                    TAGREFS="LT555"
                    BASELINE="147 1745 1126 1759" 
                    HPOS="145"
                    VPOS="1670"
                    WIDTH="981"
                    HEIGHT="112">
            <Shape><Polygon POINTS="147 1745 147 1670 190 1670 190 1670 190 1670 193 1670 193 1670 193 1670 195 1670 232 1691 292 1691 309 1678 309 1678 311 1678 311 1678 311 1678 313 1678 313 1678 315 1678 315 1678 315 1678 317 1678 317 1678 319 1678 319 1678 319 1680 334 1693 371 1682 373 1682 373 1682 373 1682 375 1682 375 1682 377 1682 431 1695 510 1682 514 1682 514 1682 516 1682 516 1682 516 1682 518 1682 518 1682 518 1682 518 1682 543 1695 635 1686 645 1686 645 1686 647 1686 647 1686 649 1686 653 1686 686 1697 701 1689 722 1678 722 1678 722 1678 724 1678 724 1678 726 1678 834 1678 834 1678 834 1678 836 1678 836 1678 836 1678 838 1678 838 1678 838 1680 838 1680 853 1695 853 1695 853 1695 871 1680 871 1680 873 1680 873 1680 875 1680 875 1680 875 1680 877 1680 877 1680 990 1697 1043 1682 1046 1682 1046 1682 1048 1682 1048 1682 1048 1682 1050 1682 1050 1682 1050 1682 1052 1682 1079 1703 1126 1705 1126 1759 1122 1782 838 1763 799 1778 794 1780 794 1780 792 1780 792 1780 792 1780 790 1780 790 1780 778 1778 724 1769 666 1778 653 1778 653 1778 651 1778 651 1778 651 1778 649 1778 645 1778 595 1761 498 1776 487 1776 487 1776 485 1776 485 1776 485 1776 483 1776 483 1776 479 1776 442 1759 298 1765 296 1765 296 1765 296 1765 294 1765 294 1765 294 1765 292 1765 292 1765 292 1763 282 1755 145 1769"/></Shape>
	    <String CONTENT="Car ie ne yeux que ce qu&#x27;il fault vouloir,"
                    HPOS="145"
                    VPOS="1670"
                    WIDTH="981"
                    HEIGHT="112"></String>
          </TextLine>

          
          
          <TextLine ID="eSc_line_be1687f8"
                    TAGREFS="LT555"
                    BASELINE="132 1834 720 1844" 
                    HPOS="126"
                    VPOS="1759"
                    WIDTH="596"
                    HEIGHT="112">
            <Shape><Polygon POINTS="132 1834 128 1778 163 1759 163 1759 163 1759 166 1759 166 1759 168 1759 168 1759 168 1759 170 1759 170 1759 172 1759 199 1776 244 1759 244 1759 246 1759 246 1759 249 1759 249 1759 251 1759 251 1759 251 1759 253 1759 282 1778 363 1761 363 1761 363 1761 365 1761 429 1763 429 1763 429 1763 431 1763 431 1763 431 1763 433 1763 433 1763 433 1765 452 1782 452 1784 558 1784 560 1784 595 1765 595 1765 595 1765 597 1765 597 1765 597 1765 599 1765 599 1765 601 1765 601 1765 601 1765 603 1765 603 1765 626 1786 718 1788 720 1844 722 1855 697 1871 695 1871 695 1871 695 1871 693 1871 693 1871 693 1871 691 1871 691 1871 689 1871 689 1871 689 1871 686 1871 657 1852 657 1852 653 1852 572 1865 572 1865 570 1865 570 1865 570 1865 568 1865 568 1865 568 1865 566 1865 550 1852 514 1861 512 1861 512 1861 510 1861 510 1861 340 1846 321 1863 321 1865 321 1865 319 1865 319 1865 319 1865 317 1865 317 1865 317 1867 251 1867 249 1865 249 1865 246 1865 246 1865 246 1865 224 1855 172 1863 172 1863 170 1863 170 1863 170 1863 168 1863 168 1863 168 1863 126 1840"/></Shape>
	    <String CONTENT="Et ſcay ſi bien conduire,"
                    HPOS="126"
                    VPOS="1759"
                    WIDTH="596"
                    HEIGHT="112"></String>
          </TextLine>

          
          
          <TextLine ID="eSc_line_57f83a92"
                    TAGREFS="LT555"
                    BASELINE="130 1921 1183 1946" 
                    HPOS="126"
                    VPOS="1848"
                    WIDTH="1057"
                    HEIGHT="119">
            <Shape><Polygon POINTS="130 1921 126 1863 166 1848 166 1848 168 1848 168 1848 170 1848 170 1848 170 1848 172 1848 172 1848 174 1848 174 1848 174 1850 190 1863 190 1865 323 1867 327 1865 346 1848 346 1848 348 1848 348 1848 348 1848 350 1848 350 1848 352 1848 402 1848 402 1848 402 1848 535 1867 576 1873 585 1869 603 1859 603 1859 603 1859 606 1859 606 1859 606 1859 608 1859 608 1859 664 1869 693 1875 701 1869 711 1861 711 1861 713 1861 713 1861 713 1861 716 1861 716 1861 718 1861 718 1861 718 1861 720 1861 720 1861 743 1871 757 1877 772 1871 799 1859 799 1859 801 1859 801 1859 801 1859 803 1859 803 1859 805 1859 805 1859 842 1871 884 1861 886 1861 886 1861 888 1861 888 1861 888 1861 890 1861 890 1861 892 1861 911 1873 915 1875 923 1873 956 1863 958 1863 958 1863 958 1863 960 1863 960 1863 963 1863 963 1863 992 1873 1019 1886 1073 1886 1091 1875 1106 1867 1106 1867 1106 1867 1108 1867 1108 1867 1108 1867 1110 1867 1110 1867 1183 1877 1183 1946 1180 1956 1060 1967 1058 1967 1058 1967 1058 1967 994 1954 990 1954 975 1954 745 1960 743 1960 743 1960 740 1960 740 1960 709 1948 705 1948 686 1948 570 1956 568 1956 568 1956 483 1946 454 1942 425 1944 356 1950 356 1950 354 1950 126 1938"/></Shape>
	    <String CONTENT="Suyuant honneur, tout ce que ie demande,"
                    HPOS="126"
                    VPOS="1848"
                    WIDTH="1057"
                    HEIGHT="119"></String>
          </TextLine>

          
          
          <TextLine ID="eSc_line_12aed80b"
                    TAGREFS="LT555"
                    BASELINE="132 2012 1073 2031" 
                    HPOS="128"
                    VPOS="1942"
                    WIDTH="945"
                    HEIGHT="126">
            <Shape><Polygon POINTS="132 2012 128 1962 168 1942 168 1942 168 1942 170 1942 170 1942 172 1942 172 1942 172 1942 174 1942 174 1942 174 1942 176 1942 205 1962 205 1962 205 1962 238 1944 238 1944 238 1944 240 1944 240 1944 242 1944 286 1944 286 1944 286 1944 288 1944 288 1944 327 1960 340 1967 350 1960 375 1946 377 1946 377 1946 379 1946 379 1946 381 1946 427 1946 427 1946 427 1946 429 1946 429 1946 429 1946 431 1946 431 1946 448 1960 458 1971 552 1973 643 1973 691 1958 720 1952 722 1952 722 1952 724 1952 724 1952 724 1952 726 1952 726 1952 726 1952 728 1952 728 1952 728 1954 734 1958 749 1975 807 1975 826 1958 830 1956 830 1954 830 1954 832 1954 832 1954 832 1954 834 1954 834 1954 836 1954 863 1954 863 1954 863 1954 865 1954 865 1954 865 1954 867 1954 867 1954 871 1958 894 1979 987 1979 1010 1960 1010 1958 1010 1958 1012 1958 1012 1958 1012 1958 1012 1958 1014 1958 1014 1958 1016 1958 1073 1958 1073 2031 1066 2066 1035 2050 842 2048 823 2062 823 2064 823 2064 823 2064 821 2064 821 2064 821 2064 819 2064 819 2064 761 2068 759 2068 759 2068 759 2068 757 2068 757 2068 755 2068 747 2062 726 2050 682 2060 680 2060 680 2060 678 2060 678 2060 678 2060 676 2060 676 2060 676 2060 649 2045 635 2060 633 2062 633 2064 633 2064 630 2064 630 2064 630 2064 628 2064 628 2064 628 2066 552 2066 550 2064 550 2064 527 2060 437 2039 359 2058 344 2060 344 2060 344 2060 342 2060 342 2060 342 2060 340 2060 340 2060 338 2060 338 2060 338 2058 338 2058 336 2058 317 2037 255 2054 253 2054 253 2054 251 2054 251 2054 251 2054 249 2054 249 2054 249 2054 230 2043 220 2054 220 2056 220 2056 217 2056 217 2056 217 2056 217 2056 215 2056 215 2056 213 2056 128 2054"/></Shape>
	    <String CONTENT="Qu&#x27;elle ne ſceut onques d&#x27;une demande"
                    HPOS="128"
                    VPOS="1942"
                    WIDTH="945"
                    HEIGHT="126"></String>
          </TextLine>

          
        </TextBlock>
        
        <TextBlock HPOS="787"
                   VPOS="2057"
                   WIDTH="430"
                   HEIGHT="83"
                   ID="eSc_textblock_3d1eb563"
                   TAGREFS="BT1667">
          <Shape><Polygon POINTS="820 2057 787 2140 1217 2140 1210 2057 1089 2069"/></Shape>
          
          
          <TextLine ID="eSc_line_c317917e"
                    TAGREFS="LT555"
                    BASELINE="800 2128 843 2129 880 2133 906 2133" 
                    HPOS="794"
                    VPOS="2050"
                    WIDTH="110"
                    HEIGHT="105">
            <Shape><Polygon POINTS="799 2126 801 2050 904 2068 904 2131 900 2155 794 2145"/></Shape>
	    <String CONTENT="F3"
                    HPOS="794"
                    VPOS="2050"
                    WIDTH="110"
                    HEIGHT="105"></String>
          </TextLine>

          
          
          <TextLine ID="eSc_line_2841e9ac"
                    TAGREFS="LT555"
                    BASELINE="1035 2133 1203 2128" 
                    HPOS="1027"
                    VPOS="2052"
                    WIDTH="176"
                    HEIGHT="128">
            <Shape><Polygon POINTS="1035 2133 1027 2072 1070 2052 1070 2052 1073 2052 1073 2052 1073 2052 1075 2052 1075 2052 1075 2052 1077 2052 1077 2052 1102 2062 1110 2066 1197 2052 1203 2128 1199 2180 1149 2168 1035 2178"/></Shape>
	    <String CONTENT="Seule"
                    HPOS="1027"
                    VPOS="2052"
                    WIDTH="176"
                    HEIGHT="128"></String>
          </TextLine>

          
        </TextBlock>
        

        
      </PrintSpace>
    </Page>
  </Layout>
</alto>
