1457 2490
323 265 594 106 Extrait du Priuilege.

161 398 997 114 Il eſt deffendu à tous Imprimeurs, & Libraitres de

112 477 1048 97 non imprimer ne faire imprimer, ny expoſer en uẽte ce

118 541 1042 108 preſent liure intitilé Erreurs Amoureuſes, iuſques

116 612 1035 97 au bout & terme de trois ans, uenans enſuyuans &

118 670 1050 101 conſecutifz, cõmencans du iour & date que ledit liure

110 730 1048 112 ſera acheué dimprimer, ſinon par le congé & permiſ¬

112 798 1050 102 ſion de Iean de Tournes imprimeur & libraire de

116 867 1037 97 Lyon, & ce, ſur peine de confiſcation deſdits liures &

114 927 1046 98 damende arbitraire: ainſi que le tout eſt plus aimple¬

118 993 1046 98 ment contenu au Priuilege ſur ce ottroyé, & donné à

116 1062 1037 102 Paris le XIII. de Septembre mille cinq cens quaran¬

116 1139 151 110 teneuf.

311 1247 363 118 Par le Conſeil.

543 1384 434 145 De Launay.
