1546 2351
235 399 617 55 DE BARBA SACERDOTVM.

164 458 770 67 nestum uirum barba decet, Sacerdotem quoque, qui

164 513 770 64 totius probitatis, & honestæ uitæ exemplar eſſe de¬

162 558 772 61 bet, ante alios addecere non temerè forſan opina¬

164 605 772 63 bimur. Nulli enim dubium eſt ſeueríorem hominis ha

166 654 764 63 bitum, eo molli & effœminato laudabiliorem eſſe,

166 705 768 68 in uiro præſertim ſacris initiato, quique alios inſti¬

166 754 766 66 tuturus ſit, atque etiam caſtigaturus, futurúſque, ut

168 805 766 62 Aegyptij uolunt, tanquàm canis latrans in hominum

170 862 768 54 uitijs inceſſandis, quia qui muti ſunt, ab Hieremia re

168 903 766 58 prehenduntur. Quin etiam eadem decauſa bar¬

170 965 768 51 batos magiſtros maiores noſtricum primis appro¬

170 1008 766 69 bauere. Neque eſt ut iſti dicant ſe barbam ponere

168 1065 770 63 humilitatis cauſa, ut cultum aſpernentur, ſintque ul¬

168 1114 768 57 trò hominibus opprobrio atque contemptui, quod in

170 1165 768 57 capillo tondendo forſan admittemus, ſed in oris mol

170 1210 770 61 licie curanda nemo unus, qui bene ſentiat, humilita¬

170 1265 770 61 tem interpretabitur. Mentum ſiquidem & faciem

174 1318 766 61 omnem raſitare, nimirum nequitiæ, deliciarúmque

174 1369 766 55 cauſa cœptum. Quíque id frequentius egêre, inter

180 1422 758 55 effœminatos dubio procul habiti, etiam ſi multis &

178 1467 752 61 magnis uirtutibus alijs domi foris́ clari extiterunt.

229 1522 715 55 Poſſem ad hoc innumerabilia totius antiquitatis

180 1573 766 62 exempla, tam Hebræorum, quàm Græcorum reci¬

180 1622 768 68 tare. Sed quoniam Romani ſumus, & Romana eſt

184 1665 764 70 eccleſia, qua de nũc agitur, priuſquam ad noſtra hæc

186 1718 766 82 tempora deueniamus, non ab re fuerit antiquorum

750 1780 104 63 A 4
