1545 2351
809 423 428 51 IOANNES PIERIVS

637 479 776 73 etiam mores perſcrutari. Quare quid de barba Ro¬

641 534 770 67 mani olim ſenſerint, uideamus. His enim utpote uiri¬

641 581 774 75 libus, tardior in tonſoribus conſenſus fuit, eáque de

641 626 776 77 cauſa maiores eorum à ſcriptoribus intonſi pluri¬

645 679 774 71 mum appellantur. Poſt Romam enim conditam, non

645 732 774 77 ante annum quadringenteſimum quinquageſimum

647 783 776 71 quartum eorumn uſus reperitur. Adduxit hos ex Sici

647 832 774 73 lia P. Ticinius Mena, ſi Varroni credimus, nam in¬

647 887 772 69 tonſos antea uixiſſe Plinius etiã atteſtatur, primũ́

648 938 777 67 omnium radi quotidie Africanum instituiſſe, quem

648 989 775 72 ſtudioſe admodũ Augustus Octauianus imitatus eſt.

650 1044 777 62 Sed enim Scipio nota ea, quod mollis eſſet, nunquam

650 1085 777 70 caruit, de́ cultu eius, non modo Romano, ſed ne mi

652 1136 775 72 litari quidem, de́  homimis deſidia, multa ultro ci¬

652 1187 777 72 tro́ iactata ſunt. Quin etiã in ea expeditione, qua

656 1247 773 67 nulla unquàm Romano populo maioris momenti cre

656 1293 773 74 dita, ea ipſa, inquam, ubi Carthaginis excidium pro

656 1349 767 61 libertate ltaliæ, pro Romanorum omnium uita &

658 1398 773 63 nomine parabatur, de ſoluta ſub eo duce militiæ di¬

660 1447 771 71 ſciplina, Romam uſque non priuatis tantum, uerum

660 1490 773 73 etiam publicis Ciuitatum expoſtulationibus exaudi¬

660 1551 767 59 tæ ſunt in Senatu querimoniæ. Agite igitur uos quo

662 1598 771 67 Siculorum inſtituta ſequimini, Syracuſanos etiã ap¬

664 1643 773 79 paratus, luxum́  frequentißimis Antiquorum auda

664 1702 773 71 gijs damnatum imitamini, ut non modo ſi ignaui eri¬

664 1745 773 88 tis, uerumetiam ſi ſtrenui, ſi clari, ſi triumphales, ue¬

1331 1806 110 72 ſtram
