1546 2351
241 399 609 51 DE BARBA SACERDOTVM

168 456 768 69 ſtram hinc omnẽ gloriam obſcuretis. Sed quid ſuper

170 513 766 70 Auguſto dicam? Nunquã ille profecto tam magnam

172 564 768 66 effœminati animi ſuſpcionem concitauit ex carmini

174 613 764 64 bus impudicißimis, à ſe in balneis editis, quam ex fre

174 662 766 62 quenti nouacularum uſu. Et, ne multa in re tam mani

170 713 770 62 feſta exempla congeram, omnis deni pilorum de¬

176 762 760 66 poſitio muliebre neſcio quid omnium ferè gentiũ, &

176 815 764 64 temporum conſenſu ſapere uiſa eſt. Hinc fuere na¬

176 854 768 68 tiones aliquot, quæ barbam in luctu ponerent mœſti

178 905 760 80 tiæ ſignum, propterea quod fœmineum eſſet frangi

178 965 768 65 calamitatibus, ne lugere uirili habitu congruum iu

178 1008 768 67 dicarent. Sanè Romani barbæ cultum tanto ſunt ho¬

178 1065 768 75 nore proſequuti, ut Iouem ipſum nuſquàm niſi bar¬

180 1112 766 75 batum figurarint. Ipſis uero Quiritibus, quantũ gra

180 1171 768 59 uitatis & autoritatis barbæ attulerint, inde manife¬

178 1222 770 57 ſtum, quod quũ capta à Senonibus Roma, hoſtes in¬

180 1265 768 77 greßi eſſent, Patres pro foribus ſuarum quiſ ædiũ

180 1322 770 59 in ſella ſedentes, barbata illa dignitate tantam hoſti¬

182 1367 770 69 bus, & quidem feris, admirationem incuſſere, ut illi

184 1418 768 72 totidem ſe numina conſpicere, quot ciues Romani

186 1467 762 72 erant, arbitrarentur, donec unus aliquanto ferocior

184 1518 764 72 Senatoris unius barbã manu demulcere aggreſſus,

186 1577 762 76 ab eo uirga percuſſus, prohibitus́ fuit. Quo facto

188 1620 758 72 indignati Barbari, Romanos illos omnes, & ætate,

190 1677 764 68 & habitu uenerabiles ad unum trucidarunt. Ita illi

192 1724 764 84 quos Romanorum gladiorum uis non edomuerat.

754 1794 100 55 A 5
