1545 2351
801 421 432 57 IOANNES PIERIVS.

633 479 768 75 Barbárum iam erant reuerenta mitigati. Hi uero, ne

633 530 772 77 oris ſui maieſtas læderetur, uitam pro barbis paciſci

633 581 770 81 maluerunt. Non negarim autem quorundam popu¬

633 626 776 83 lorum, ne ignobilium quidem inſtitutum fuiſſe, ut

633 679 772 81 barbam raderent, capillum à tergo tantũ luxuriare

633 726 774 85 permitterent, quod Lacedæmonij factitaſſe perhi¬

635 779 774 83 bentur, & Abantas id primos omnium excogitaſſe

635 832 776 77 Homerus tradit: & ea de cauſa Pollux Euboicos o¬

635 887 778 80 piſthocomas uocatos ait, & Hectorem Timæus ea

635 938 778 82 per terga ipſa coma inſignem deſcribit. Sed ea ra¬

635 993 772 64 tio Lacedæmonios ab aliorum inſtitutis alienos fecit,

637 1036 776 82 quæ multa etiam alia à reliquo humano genere aliena

639 1083 776 82 eiuſdem perſuaſit. Cur uero barbã abradi, capillum

639 1134 774 88 à tergo nutriri iußerint, ideo factum, ut longe tutio¬

639 1191 772 80 res in bello eſſent, adimeretur́  hoſti facultas in pu¬

641 1246 774 82 gna mentum apprehendendi, ſi uero fugam medita¬

639 1289 772 84 rentur, uinculum at anſam, quo capi poſſent, in¬

641 1343 772 81 ſtare ſibi à tergo reminiſcerentur, at ita, præ cap¬

645 1391 768 80 turæ metu, deſtinatiore animo conſiſterẽt, aduerſi́

645 1449 774 69 dimicarent. Verum inſtitutio hæc una cum eorum Im

647 1496 772 79 perio antiquata, abolita́, imitatores nunquàm ulte¬

647 1545 772 73 rius habuit. Sed, ut quæ ad rem noſtrã pertinent,

650 1594 769 85 proſequamur, delicatulos iſtos accuſatores noſtros,

652 1643 771 84 qui nos maledictis figunt, mihi dari uelim, ut quoniã

652 1700 769 73 turpe adeò putant Sacerdotem cum barba conſpici,

648 1745 777 84 quid in ſe turpitudinis habeat barba, mihi declara¬

1339 1794 90 73 rent,
