1546 2351
244 403 620 57 DE BARBA SACERDOTVM.

184 464 764 76 rent, ſiquidẽ ego nihil in ea turpe, nihil nõ honeſtum

186 519 764 72 inuenio. Cæterum ut hoc manifeſtius appareat, quid

188 570 764 70 barba ſit, primum uideamus: at ita forte quid in ea

188 626 762 57 deliteſcat mali, deprehẽdere poterimus. Multa enim,

190 679 766 49 quæ primo latent, per finitionem mox apertius inno¬

188 724 768 53 teſcunt. Est autem barba uirilium maxillarum ueſti¬

971 709 143 78 Barbe de

190 773 766 59 mentum, à natura ornamenti, & bonæ ualetudinis

971 771 124 98 ſcriptio.

192 822 766 61 cauſa productum, inde Latini Veſtem eam appella¬

193 863 761 73 uere, & impubes pleri dixerunt inueſtes, genas́

193 920 720 65 lanugine ueſtire paßim apud autores inuenas.

197 967 765 63 Quod autem uirilis naturæ barba indicium ſit, ma¬

195 1026 769 65 gis apertum eſt, quàm ulla debeat approbatione de¬

193 1075 769 69 monſtrari, merito́ Diogenes, qui abraſos omnes

195 1130 771 55 inſectabatur, Barbaro neſcio cui reſpondit barbam

195 1173 769 65 ſe ideo geſtare, ut ſe uirũ eſſe ſubinde recordaretur.

199 1230 767 59 Et ad nostram uſ ætatem uniuerſæ totius Orientis

199 1275 767 68 nationes abraſos uiros quum inſpexerint, fœminas

201 1338 768 49 eos in ludibrium uocant, & Alexandrum Macedo¬

199 1379 772 64 nem, tanti nominis Principem à militibus ſuis, à popu

201 1426 766 70 lis & nationibus omnibus irriſum, quod raſitaret,

205 1477 766 72 & fœminam præ ſe ferre uellet, memoriæ proditũ.

205 1530 764 70 Nam eum raſuræ autorem fuiſſe, Athenæus ex Chry

201 1581 770 70 ſippo memorat. Manifeſtum enim eſt in hominum

207 1633 759 61 genere pueros tantum & fœminas, eunuchos, &

215 1682 758 73 qui mollius degunt uiros ſine barba conſpici: at¬

213 1733 762 87 que ita facile poteſt intelligi, quibus ij, qui raſitant,

832 1790 153 94 aßimilari
