1545 2351
778 431 429 60 IOANNES PIERIVS

613 487 775 77 aßimilari poßint. Sed ne diutius in re tamn perſpicua

615 542 769 65 moremur, ad alia, quæ dicere propoſuimus, aggre¬

615 593 773 63 diamur. Quod ornamenti cauſa ſit à natura pro

615 648 773 63 ducta, re ipſa conſtat: nã ueluti arbores natura fron¬

615 693 773 65 dibus, ita uiros ad eorum dignitatẽ uberius augendã

615 744 773 67 barba ornatos uoluit. Eandem autem in abraſa ho¬

615 799 773 63 minis facie deformitatem Poëtæ ponunt, quæ ſyluarũ

615 852 769 60 eſt, quum folia deciderunt. Merito ita Haliabas &

615 901 775 70 plerique philoſophi admodum clari, barbam ſcri

617 950 773 70 pſere uiris à natura ornamẽti, dignitatis́ cauſa con

615 999 775 66 tributam. Hinc uideas unumquem eorum, qui uel

617 1055 775 69 ſupremo labro tantum, uel extremo mento barbatuli

615 1104 777 73 ſunt, quotieſcun in ſpeculum inſpexerint, uel ad os

615 1159 775 63 manus admorint, & ſuccenſere naturæ, & ſe ita fa¬

615 1210 777 57 ctos ingemiſcere. Vt enim in unionibus, quo grandio

617 1257 773 63 res ſunt, eò precioſiores æſtimantur, ita barbis ex ma

623 1308 769 71 gnitudine ipſa, autoritas comparatur. Artemiodrus

621 1361 773 63 ait filios tantum ornamenti patribus afferre, quantũ

621 1412 773 67 ori barba decoris addit, ideo ſuper filijs decerni à

623 1463 772 69 Coniectoribus, quæ de barba per quietem quis ima¬

625 1516 772 65 ginatus fuerit. Operæ precium uero eſt Luciani Cy¬

623 1559 772 65 nicum audire, qui tam deforme eſſe putat ornatum

623 1610 774 72 barbæ uiris aufferre, quaſi Leoni iubas attondere

625 1665 772 72 quiſpiam aggrediatur. Sanè Theſeus Herculis diſci¬

629 1718 766 72 pulus, quo non alter ea tempeſtate fortior, barbam

627 1761 770 92 nunquàm tondere uoluit, ut uirtutem ipſe ſuam or¬

1311 1823 92 57 natu
