1546 2351
248 409 620 57 DE BARBA SACERDOTVM.

178 472 770 64 natu eo profiteretur. Ea́ de cauſa Exephæborũ ille

178 528 770 67 tonſuram, utpote gratißimum dijs donũ, quo nihil ea

182 577 760 73 ætas precioſius offerre poſſet, fertur instituiſſe. Id́

182 628 764 59 primitiarũ, tum fluminibus, tũ Apollini dedicabatur

180 679 770 65 ex temporum eorum ſuperſtitione. Sed hoc nihil ad

182 728 770 65 negocium nostrum. Plinius iunior Euphratem philo

184 769 766 63 ſophum ætate ea præſtantem celebrat, cui & ingens

184 826 770 59 & cana barba multum afferebat ornamenti. Tantũ

184 871 770 61 uero à ueteribus barbæ attributũ est, ut philoſophus

186 922 764 75 qui barbatus non eſſet, uix philoſophus putaretur,

186 977 770 71 qui uero barbatus eſſet, niſi reliqua morũ grauitate

186 1032 766 61 uitam comprobaret, male id audiebat, quod barba,

186 1083 770 65 & pallium in conſpicuo eſſent, philoſophus autem

186 1128 770 65 nuſquàm appareret. Ita ueteres illi, grauißimi quidẽ

186 1183 770 63 uiri, cum barba & ſapientiam, & bonos mores eſſe

188 1230 770 59 coniunctos arbitrabantur. Quod uero conferat ad

188 1277 770 65 ualetudinem ex eo patet, quod dum ad ſui nutrica¬

184 1334 774 60 tionem ſuperuacaneum humorẽ exſugit, dentes diu¬

186 1389 772 56 tius à putredine conſeruat, & ut firmiores gingiuis

188 1432 772 72 inſideant efficit, quod non æque accidit ijs, qui fre¬

190 1490 768 63 quenter abraduntur. Nã ij uel ante tempus plerun

190 1535 770 65 fiunt edentuli, uel de dolore dentium plurimum labo

192 1592 766 63 rant. Præterea æstate ne facies ſolis radijs uratur,

193 1641 769 69 exedatur́ prohibet, hyemes noxias, & ſtrictiores

193 1690 769 75 uentorum flatus infringit, ab angina, ab uua & alijs

193 1739 769 81 pleriſ incommodis tutum hominem reddit. Vt hinc

852 1804 106 61 deni
