1545 2351
774 431 437 62 IOANNES PIERIVS

619 493 776 88 deni credamus à Mithologis illis philoſophis con¬

617 546 775 86 fictum, ut ſit intonſa ſemper Eſculapio barba, quum

619 593 778 90 Apollo eius pater ubi pingatur impubis. Qui enim

619 656 778 78 ſalutis autor perhibetur, merito ijs, quæ ad ſalutem

617 703 777 78 faciunt, ornamentis inſigniri debet. Huiuſmodi igitur

621 750 776 74 dotes quũ in barba ſint, quid in ea turpitudinis, quid

623 801 774 76 uitij, quid quod abhorreamus, nequa uideo. Quod

619 856 780 78 ſi ea quæ utilia, quæ ſalutaria, quæ honorata, quæ ali

621 901 776 76 cuius exiſtimationis ſunt, indigna ſacerdote uiro iu¬

623 956 778 72 dicabuntur, quid illud ſit, quod ſacerdotalem habi¬

623 1010 753 67 tum addeceat, difficulter, ut arbitror, inueniemus.

625 1057 776 69 Sed iniquos ne uocem, an inuidos hos Barbárum ui¬

623 1110 778 73 tuperatores, qui nos inimicè adeo inſectantur, qui¬

623 1155 778 75 bus quos dijs immortalibus cultus, honores, preces

625 1210 778 75 adhibemus, quæ́ pure & caſte facimus unà de bar¬

625 1255 776 83 ba omnia ſordeſcere uidentur. Qui deni ſacerdo¬

625 1306 778 79 tes illos tantum approbant, qui contra grauißimorũ

625 1361 778 75 hominum ſententias uenerabile uirilitatis ſignũ exue

623 1412 782 76 rint. Quod ſi qui dignitatem ſuam tueri uelint, à ſa¬

627 1457 776 86 cris ſummouent, ac uti diris imprecationibus deuo¬

629 1512 778 76 tos abominantur. Vbi enim barba ſit, nullam iſti pie¬

629 1563 774 74 tatem, ſanctitatem nullam, nullam eſſe poſſe religio¬

631 1620 774 74 nem putant. In primis autem nos legum auxilijs op

633 1663 772 84 pugnant, cauſa́ tunc omni decidiſſe clamitant, ſi¬

631 1710 780 78 mulac non obſequendum legibus dixerimus. Nimirũ

633 1767 776 84 quanti nos leges facimus, norũt, eo́ audaciores facti

1315 1814 86 76 ſunt,
