1545 2351
819 423 431 62 IOANNES PIERIVS

656 478 771 84 Ita plera alia ex hominũ ſapientium ingenio, arte,

658 532 769 89 perſuaſione, experientia, in melius ordinata, ita bar

658 581 769 83 bas radere inſtitutum, ut incõmodum id amoueatur.

664 621 769 99 Sybaritas puto fuiſſe hos legumlatores, qui etiã gal¬

660 683 775 84 los gallinaceos urbe ſua exterminarũt, ne ſomni ſua¬

664 732 771 84 uitatem importuno cantu, antelucanis horis intertur

666 779 777 90 barent. Sed enim bene habet, quum iam Naturæ lex

666 830 777 94 à nobis stet, quam ita eſſe non inficiantur: ſed ea qua

672 883 771 92 præditi ſunt ingenij peruerſitate contra eam nugas

670 938 769 76 huiuſmodi moliuntur. Hanc ita ualere ſinunt, &

672 981 778 86 ad legem confugiunt ex aliqua nonnullorum hominũ

672 1038 776 82 commoditate conſcriptam, in cuius tamen præſidio

678 1087 772 86 omnem uictoriæ ſpem collocauerũt. Sed enim eſt Lex

676 1142 776 90 ſcripta triplex. Vna quæ à Moſe ad Aſſertoris uſque

676 1185 776 92 noſtri tẽpora producta eſt. Altera, quæ uel de ipſius

678 1240 772 86 magiſtri noſtri exemplo deſumpta eſt ad imtatio

678 1295 778 86 nem, uel Diuorum noſtrorum autoritate conſtituta.

684 1343 774 85 Tertia Pontificũ, Conciliorum́ ſanctione decreta.

684 1389 776 99 Sed quoniam ſcriptæ Legis appellatione Moſaicam

684 1439 776 96 præcipue capimus, in primis operæ precium eſt ui¬

688 1488 772 89 dere, an in ea raſitandum eſſe præcipiatur. Sanè ſi

686 1541 776 85 ad Hebræorum mores reſpexerimus, in Regum hi¬

694 1592 770 94 ſtoria legas. Nuncios à Dauide ad Hannonem regem

692 1643 774 98 miſſos, qui eum de patris obitu conſolarentur, quos

694 1698 772 88 quum ſuſpectos rex Barbarus habuiſſet, altera cu¬

697 1743 765 104 iuſ maxilla abraſos in Principis ſui ludibrium &

1306 1798 162 70 iniuriam
