1546 2351
219 407 621 49 DE SACERDOTVM BARBA.

150 464 772 68 iniuriam remiſit. Quare Dauid iußit eos in Iericho

148 513 772 68 tam diu commorari, donec barbæ creſcerent, ne fœ¬

148 556 776 82 dum hoc ſpectaculum populo exhiberetur: quod ſi

148 605 776 88 raſitandi mos fuiſſet, factum hoc non oportuit, quia

146 660 774 78 ſtatim reliquum abradere potuiſſent. Si uero leges eo

150 715 770 62 rum inſpiciamus, compluribus locis, ne quis abrade¬

148 762 774 70 retur, apud eos uetitum, barbam enim raſitandã non

150 803 768 74 eſſe. Leuitici libris populo præcipitur uniuerſo, Sa¬

148 854 778 74 cerdotibus autem ſine exceptione mandatum præci

150 912 770 65 pue, ne barbam radant. Quin etiam inter alias cala¬

150 959 774 77 mitates, quas deus Moabitico populo Iſaiæ uerbis in¬

150 1007 767 76 terminatur, in cunctis eius capitibus barba, inquit,

150 1067 772 67 abradetur. Vſque adeo hæc effœminati menti luculen

150 1110 774 75 tia apud ipſos ſummæ dabatur uituperationi. Me¬

150 1163 772 79 rito itaque barbæ Aaronis ſummi Pontificis mentio

150 1220 770 67 quædã honorifica noſtris in templis ante ſummi Dei,

150 1265 772 71 diuorum́  immortalium aras quotidie decantatur:

150 1322 774 67 quin etiam de unguento, quo eius Pontificis barba de

152 1363 772 82 libuta fuerit, memoriæ proditum. Apud hos denique

152 1420 768 80 uiri illi ſanctißimi, qui Deo præcipue dedicati erant,

156 1469 770 70 Nazarei nuncupati, capillum & barbam promit¬

156 1524 770 80 tere ſanctimoniæ ſignum habuere. Eo́ inſtituto in

158 1571 770 82 Ioannis Baptiſtæ præcurſoris caput & faciem, no¬

162 1620 768 86 uaculam nunquàm aſcendiſſe legimus. Sed quo nã ma

164 1677 766 70 nifeſtiori argumento barbas Deo placere compro¬

168 1718 764 107 bare poſſumus, quàm eo ipſo, quod in uotis de ſuſci¬

801 1798 29 100 B
