<?xml version="1.0" encoding="UTF-8"?>
<alto xmlns:xsi="http://www.w3.org/2001/XMLSchema-instance"
      xmlns="http://www.loc.gov/standards/alto/ns-v4#"
      xsi:schemaLocation="http://www.loc.gov/standards/alto/ns-v4# http://www.loc.gov/standards/alto/v4/alto-4-2.xsd">
  <Description>
    <MeasurementUnit>pixel</MeasurementUnit>
    <sourceImageInformation>
      <fileName>21_4c490_default.jpg</fileName>
      
    </sourceImageInformation>
  </Description>
  
  <Tags>
    <OtherTag ID="BT650" LABEL="DropCapitalZone" DESCRIPTION="block type DropCapitalZone"/><OtherTag ID="BT651" LABEL="MainZone" DESCRIPTION="block type MainZone"/><OtherTag ID="BT652" LABEL="MarginTextZone" DESCRIPTION="block type MarginTextZone"/><OtherTag ID="BT653" LABEL="NumberingZone" DESCRIPTION="block type NumberingZone"/><OtherTag ID="BT654" LABEL="RunningTitleZone" DESCRIPTION="block type RunningTitleZone"/><OtherTag ID="BT655" LABEL="TitlePageZone" DESCRIPTION="block type TitlePageZone"/><OtherTag ID="BT673" LABEL="GraphicZone" DESCRIPTION="block type GraphicZone"/><OtherTag ID="BT674" LABEL="QuireMarksZone" DESCRIPTION="block type QuireMarksZone"/>
    <OtherTag ID="LT210" LABEL="DefaultLine" DESCRIPTION="line type DefaultLine"/><OtherTag ID="LT211" LABEL="DropCapitalLine" DESCRIPTION="line type DropCapitalLine"/><OtherTag ID="LT212" LABEL="InterlinearLine" DESCRIPTION="line type InterlinearLine"/><OtherTag ID="LT213" LABEL="HeadingLine" DESCRIPTION="line type HeadingLine"/>
  </Tags>
  
  <Layout>
    <Page WIDTH="1545"
          HEIGHT="2351"
          PHYSICAL_IMG_NR="17"
          ID="eSc_dummypage_">
      <PrintSpace HPOS="0"
                  VPOS="0"
                  WIDTH="1545"
                  HEIGHT="2351">
        
        <TextBlock HPOS="826.0"
                   VPOS="415.0"
                   WIDTH="455.0"
                   HEIGHT="51.0"
                   ID="eSc_textblock_3c44d98b"
                   TAGREFS="BT654">
          <Shape><Polygon POINTS="1260 415 1281 466 826 466 839 415"/></Shape>
          
          
          <TextLine ID="eSc_line_f916cdb7"
                    TAGREFS="LT210"
                    BASELINE="821 460 1260 454" 
                    HPOS="819"
                    VPOS="411"
                    WIDTH="441"
                    HEIGHT="65">
            <Shape><Polygon POINTS="1231 415 1211 415 1192 415 1172 415 1152 415 1133 415 1113 415 1094 415 1074 415 1054 415 1035 415 1015 415 996 415 976 415 956 415 937 415 917 415 897 415 878 415 858 415 839 415 837 411 819 411 821 460 821 476 1260 466 1260 454 1252 417 1250 415"/></Shape>
	    <String CONTENT="IOANNES PIERIVS"
                    HPOS="819"
                    VPOS="411"
                    WIDTH="441"
                    HEIGHT="65"></String>
          </TextLine>

          
          
          <TextLine ID="eSc_line_c5841468"
                    TAGREFS="LT210"
                    BASELINE="662 534 1435 519" 
                    HPOS="660"
                    VPOS="478"
                    WIDTH="775"
                    HEIGHT="74">
            <Shape><Polygon POINTS="1425 491 1405 489 1386 487 1366 485 1346 483 1327 481 1307 479 1301 478 876 478 874 478 872 478 833 489 801 485 797 487 778 487 758 489 739 491 719 493 699 495 680 497 660 499 662 534 662 552 1435 536 1435 519 1431 491 1425 491"/></Shape>
	    <String CONTENT="pienda prole dãnati barbæ nutricationẽ obligabãt:"
                    HPOS="660"
                    VPOS="478"
                    WIDTH="775"
                    HEIGHT="74"></String>
          </TextLine>

          
          
          <TextLine ID="eSc_line_68b76529"
                    TAGREFS="LT210"
                    BASELINE="662 583 1437 570" 
                    HPOS="660"
                    VPOS="532"
                    WIDTH="777"
                    HEIGHT="65">
            <Shape><Polygon POINTS="817 532 797 532 778 532 770 532 768 532 660 544 662 583 662 597 1303 591 1437 577 1437 570 1433 532 837 532 817 532"/></Shape>
	    <String CONTENT="quã ſi Deo ingratam ſapientißimi illi Paires intelle¬"
                    HPOS="660"
                    VPOS="532"
                    WIDTH="777"
                    HEIGHT="65"></String>
          </TextLine>

          
          
          <TextLine ID="eSc_line_bcfab50d"
                    TAGREFS="LT210"
                    BASELINE="662 636 1437 623" 
                    HPOS="660"
                    VPOS="579"
                    WIDTH="777"
                    HEIGHT="65">
            <Shape><Polygon POINTS="662 636 662 644 1437 634 1437 623 1433 583 994 579 992 579 990 579 945 591 886 581 884 581 882 581 880 581 880 583 878 583 870 593 694 585 692 585 690 585 660 597 662 636"/></Shape>
	    <String CONTENT="xiſſent, nunquàm profecto oblatione huiuſmodi gra"
                    HPOS="660"
                    VPOS="579"
                    WIDTH="777"
                    HEIGHT="65"></String>
          </TextLine>

          
          
          <TextLine ID="eSc_line_3a2fe936"
                    TAGREFS="LT210"
                    BASELINE="662 687 1435 673" 
                    HPOS="660"
                    VPOS="624"
                    WIDTH="775"
                    HEIGHT="71">
            <Shape><Polygon POINTS="1313 624 1278 636 1266 626 1264 626 1262 626 1260 626 1197 638 1068 630 1066 630 1064 630 1031 640 996 630 994 630 974 632 962 632 790 644 774 634 764 634 764 636 752 646 684 636 682 636 680 636 678 636 660 646 662 687 662 695 1435 687 1435 673 1431 636 1323 624 1313 624"/></Shape>
	    <String CONTENT="tiam ab eo ſperaſſent ſe conſequuturos: delicti uero,"
                    HPOS="660"
                    VPOS="624"
                    WIDTH="775"
                    HEIGHT="71"></String>
          </TextLine>

          
          
          <TextLine ID="eSc_line_799dac90"
                    TAGREFS="LT210"
                    BASELINE="664 736 1437 722" 
                    HPOS="662"
                    VPOS="675"
                    WIDTH="775"
                    HEIGHT="77">
            <Shape><Polygon POINTS="1223 677 1221 681 1209 687 1158 683 1117 679 1115 679 1113 679 1109 679 1105 685 1097 689 1054 685 994 681 986 681 980 689 976 691 962 689 929 683 927 683 892 691 878 693 856 691 776 685 760 687 754 687 662 697 664 736 664 752 1103 752 1103 750 1105 750 1143 740 1145 740 1148 740 1213 748 1215 748 1217 748 1237 738 1241 738 1323 746 1325 746 1437 732 1437 722 1431 675 1276 685 1248 679 1231 677 1223 677"/></Shape>
	    <String CONTENT="quod forte aliqui delicatiores abradendo admiſerant"
                    HPOS="662"
                    VPOS="675"
                    WIDTH="775"
                    HEIGHT="77"></String>
          </TextLine>

          
          
          <TextLine ID="eSc_line_63a95f47"
                    TAGREFS="LT210"
                    BASELINE="662 785 1435 771" 
                    HPOS="660"
                    VPOS="728"
                    WIDTH="775"
                    HEIGHT="69">
            <Shape><Polygon POINTS="662 785 662 797 1307 795 1309 795 1311 795 1325 785 1407 793 1409 793 1411 793 1435 781 1435 771 1429 728 880 746 856 744 774 738 772 738 660 750 662 785"/></Shape>
	    <String CONTENT="commonefacti, eo uoto errorem emendare, &amp; propi"
                    HPOS="660"
                    VPOS="728"
                    WIDTH="775"
                    HEIGHT="69"></String>
          </TextLine>

          
          
          <TextLine ID="eSc_line_44456d11"
                    TAGREFS="LT210"
                    BASELINE="660 838 1435 826" 
                    HPOS="658"
                    VPOS="777"
                    WIDTH="777"
                    HEIGHT="73">
            <Shape><Polygon POINTS="660 838 660 850 1433 836 1435 826 1431 789 1309 777 1307 777 1246 789 1174 779 1172 779 1170 779 1168 779 1150 791 1088 781 1086 781 1084 781 1045 793 1043 793 1039 793 960 783 958 783 956 783 917 795 913 795 903 795 788 785 786 785 658 797 660 838"/></Shape>
	    <String CONTENT="tium ſibi Deum reddere procurabant. Paßim uero"
                    HPOS="658"
                    VPOS="777"
                    WIDTH="777"
                    HEIGHT="73"></String>
          </TextLine>

          
          
          <TextLine ID="eSc_line_fd4671ef"
                    TAGREFS="LT210"
                    BASELINE="662 891 1437 873" 
                    HPOS="660"
                    VPOS="828"
                    WIDTH="777"
                    HEIGHT="73">
            <Shape><Polygon POINTS="1366 828 1356 828 1345 836 1213 830 1211 830 1086 842 747 840 745 840 660 852 662 891 662 901 1437 883 1437 873 1433 836 1378 828 1366 828"/></Shape>
	    <String CONTENT="apud Hebræos abradi barbam inuenias, ubi uel do¬"
                    HPOS="660"
                    VPOS="828"
                    WIDTH="777"
                    HEIGHT="73"></String>
          </TextLine>

          
          
          <TextLine ID="eSc_line_41ba2329"
                    TAGREFS="LT210"
                    BASELINE="660 942 1437 926" 
                    HPOS="658"
                    VPOS="885"
                    WIDTH="779"
                    HEIGHT="67">
            <Shape><Polygon POINTS="948 885 752 899 672 891 670 891 668 891 666 891 658 895 660 942 660 950 1143 952 1145 952 1407 946 1409 946 1437 934 1437 926 1433 887 950 885 948 885"/></Shape>
	    <String CONTENT="lor intolerabilis, uel inſignis aliqua calamitas ingru¬"
                    HPOS="658"
                    VPOS="885"
                    WIDTH="779"
                    HEIGHT="67"></String>
          </TextLine>

          
          
          <TextLine ID="eSc_line_e3ee4f04"
                    TAGREFS="LT210"
                    BASELINE="664 989 1435 977" 
                    HPOS="662"
                    VPOS="932"
                    WIDTH="773"
                    HEIGHT="78">
            <Shape><Polygon POINTS="664 989 664 1010 1433 989 1435 977 1431 942 1325 932 1323 932 1321 932 1297 942 1294 944 662 944 664 989"/></Shape>
	    <String CONTENT="iſſet, quo ſe ornamentis omnibus exſpoliatos oſtenta¬"
                    HPOS="662"
                    VPOS="932"
                    WIDTH="773"
                    HEIGHT="78"></String>
          </TextLine>

          
          
          <TextLine ID="eSc_line_72049ead"
                    TAGREFS="LT210"
                    BASELINE="660 1042 1437 1030" 
                    HPOS="658"
                    VPOS="983"
                    WIDTH="779"
                    HEIGHT="67">
            <Shape><Polygon POINTS="660 1042 660 1050 1437 1044 1437 1030 1431 983 658 999 660 1042"/></Shape>
	    <String CONTENT="rent. Dies, imò annus me integer deficeret, ſi tam mul"
                    HPOS="658"
                    VPOS="983"
                    WIDTH="779"
                    HEIGHT="67"></String>
          </TextLine>

          
          
          <TextLine ID="eSc_line_b1c7ef1f"
                    TAGREFS="LT210"
                    BASELINE="660 1095 1435 1079" 
                    HPOS="658"
                    VPOS="1036"
                    WIDTH="777"
                    HEIGHT="67">
            <Shape><Polygon POINTS="776 1042 756 1042 752 1042 658 1054 660 1095 660 1103 1435 1097 1435 1079 1429 1036 778 1040 776 1042"/></Shape>
	    <String CONTENT="tos huiuſmodi locos, &amp; exempla toto eo tẽpore ſcri"
                    HPOS="658"
                    VPOS="1036"
                    WIDTH="777"
                    HEIGHT="67"></String>
          </TextLine>

          
          
          <TextLine ID="eSc_line_43304c59"
                    TAGREFS="LT210"
                    BASELINE="662 1144 1437 1130" 
                    HPOS="660"
                    VPOS="1085"
                    WIDTH="777"
                    HEIGHT="78">
            <Shape><Polygon POINTS="662 1144 662 1163 1437 1148 1437 1130 1431 1085 762 1104 756 1104 692 1097 690 1097 688 1097 660 1106 662 1144"/></Shape>
	    <String CONTENT="ptis commendata cõmemorare perrexero: quæ quũ"
                    HPOS="660"
                    VPOS="1085"
                    WIDTH="777"
                    HEIGHT="78"></String>
          </TextLine>

          
          
          <TextLine ID="eSc_line_460447ad"
                    TAGREFS="LT210"
                    BASELINE="662 1197 1435 1179" 
                    HPOS="660"
                    VPOS="1134"
                    WIDTH="775"
                    HEIGHT="72">
            <Shape><Polygon POINTS="1258 1134 1256 1134 1254 1134 1245 1144 1243 1146 660 1151 662 1197 662 1206 1435 1189 1435 1179 1431 1142 1260 1134 1258 1134"/></Shape>
	    <String CONTENT="manifeſta ſint omnibus, nõ eſt, ut in re notißima tem¬"
                    HPOS="660"
                    VPOS="1134"
                    WIDTH="775"
                    HEIGHT="72"></String>
          </TextLine>

          
          
          <TextLine ID="eSc_line_dedd41fa"
                    TAGREFS="LT210"
                    BASELINE="660 1247 1435 1234" 
                    HPOS="658"
                    VPOS="1195"
                    WIDTH="777"
                    HEIGHT="66">
            <Shape><Polygon POINTS="660 1247 660 1261 1433 1244 1435 1234 1429 1195 658 1206 660 1247"/></Shape>
	    <String CONTENT="pus diutius conteramus. Conſtat enim in ueteri lege"
                    HPOS="658"
                    VPOS="1195"
                    WIDTH="777"
                    HEIGHT="66"></String>
          </TextLine>

          
          
          <TextLine ID="eSc_line_b32025e3"
                    TAGREFS="LT210"
                    BASELINE="660 1296 1435 1283" 
                    HPOS="658"
                    VPOS="1236"
                    WIDTH="777"
                    HEIGHT="68">
            <Shape><Polygon POINTS="1313 1236 1272 1246 1268 1246 1266 1246 1219 1238 1207 1240 1205 1240 1172 1247 1164 1247 1154 1247 1103 1240 1090 1242 1080 1242 1025 1247 986 1251 658 1251 660 1296 660 1304 1435 1291 1435 1283 1431 1246 1323 1236 1313 1236"/></Shape>
	    <String CONTENT="barbam non modo non prohibitam, ſed etiã decreto"
                    HPOS="658"
                    VPOS="1236"
                    WIDTH="777"
                    HEIGHT="68"></String>
          </TextLine>

          
          
          <TextLine ID="eSc_line_4a405c6f"
                    TAGREFS="LT210"
                    BASELINE="660 1347 1409 1334" 
                    HPOS="658"
                    VPOS="1291"
                    WIDTH="751"
                    HEIGHT="76">
            <Shape><Polygon POINTS="1084 1291 1082 1291 1056 1300 1027 1293 1025 1293 1023 1293 847 1304 770 1296 768 1296 766 1296 764 1296 764 1298 762 1298 756 1306 666 1298 664 1298 662 1298 660 1298 660 1300 658 1300 660 1347 660 1357 782 1357 796 1367 797 1367 799 1367 801 1367 803 1367 831 1357 852 1367 854 1367 856 1367 858 1367 860 1367 880 1355 882 1355 956 1365 958 1365 1409 1345 1409 1334 1405 1295 1086 1291 1084 1291"/></Shape>
	    <String CONTENT="habendã, imperijs́ Dei ipſius nequa amouendã."
                    HPOS="658"
                    VPOS="1291"
                    WIDTH="751"
                    HEIGHT="76"></String>
          </TextLine>

          
          
          <TextLine ID="eSc_line_99607f48"
                    TAGREFS="LT210"
                    BASELINE="697 1400 1435 1387" 
                    HPOS="696"
                    VPOS="1345"
                    WIDTH="739"
                    HEIGHT="67">
            <Shape><Polygon POINTS="697 1400 697 1412 1435 1394 1435 1387 1429 1345 696 1357 697 1400"/></Shape>
	    <String CONTENT="Age igitur, iam ad alteram deueniamus, quam per"
                    HPOS="696"
                    VPOS="1345"
                    WIDTH="739"
                    HEIGHT="67"></String>
          </TextLine>

          
          
          <TextLine ID="eSc_line_c9b98714"
                    TAGREFS="LT210"
                    BASELINE="660 1451 1435 1436" 
                    HPOS="658"
                    VPOS="1392"
                    WIDTH="777"
                    HEIGHT="67">
            <Shape><Polygon POINTS="1425 1392 658 1412 660 1451 660 1459 1435 1451 1435 1436 1429 1394 1425 1392"/></Shape>
	    <String CONTENT="undetrigeſimum, ſupra mille, &amp; quingentos annos"
                    HPOS="658"
                    VPOS="1392"
                    WIDTH="777"
                    HEIGHT="67"></String>
          </TextLine>

          
          
          <TextLine ID="eSc_line_ce946ce7"
                    TAGREFS="LT210"
                    BASELINE="660 1502 1437 1487" 
                    HPOS="658"
                    VPOS="1443"
                    WIDTH="779"
                    HEIGHT="75">
            <Shape><Polygon POINTS="660 1502 660 1518 1437 1502 1437 1487 1431 1443 658 1451 660 1502"/></Shape>
	    <String CONTENT="ſequuta eſt Chriſtiana pietas: eã gratiæ Legem Theo"
                    HPOS="658"
                    VPOS="1443"
                    WIDTH="779"
                    HEIGHT="75"></String>
          </TextLine>

          
          
          <TextLine ID="eSc_line_3ee0bfe0"
                    TAGREFS="LT210"
                    BASELINE="658 1551 1425 1539" 
                    HPOS="658"
                    VPOS="1500"
                    WIDTH="767"
                    HEIGHT="59">
            <Shape><Polygon POINTS="833 1500 813 1500 794 1500 784 1500 782 1500 672 1510 658 1551 658 1559 1423 1547 1425 1539 1421 1500 852 1500 833 1500"/></Shape>
	    <String CONTENT="logi noſtri uocant, quam nos in Legem exempli, &amp;"
                    HPOS="658"
                    VPOS="1500"
                    WIDTH="767"
                    HEIGHT="59"></String>
          </TextLine>

          
          
          <TextLine ID="eSc_line_ff955ee9"
                    TAGREFS="LT210"
                    BASELINE="658 1600 1435 1588" 
                    HPOS="658"
                    VPOS="1541"
                    WIDTH="777"
                    HEIGHT="73">
            <Shape><Polygon POINTS="1337 1541 1335 1541 1292 1551 1194 1543 1192 1543 1190 1543 1170 1553 1164 1553 1046 1545 1035 1545 1005 1555 1003 1555 1001 1555 923 1547 911 1549 892 1549 876 1549 672 1559 658 1600 658 1614 1433 1604 1435 1588 1431 1551 1339 1541 1337 1541"/></Shape>
	    <String CONTENT="in Legem ſancti ſpiritus afflatu conſcriptam diuidi¬"
                    HPOS="658"
                    VPOS="1541"
                    WIDTH="777"
                    HEIGHT="73"></String>
          </TextLine>

          
          
          <TextLine ID="eSc_line_be9e8e73"
                    TAGREFS="LT210"
                    BASELINE="658 1651 1435 1639" 
                    HPOS="658"
                    VPOS="1594"
                    WIDTH="777"
                    HEIGHT="67">
            <Shape><Polygon POINTS="658 1651 658 1661 1433 1659 1435 1639 1429 1594 670 1612 658 1651"/></Shape>
	    <String CONTENT="mus. Exempli autem lex tantæ eſt autoritatis, ut pro"
                    HPOS="658"
                    VPOS="1594"
                    WIDTH="777"
                    HEIGHT="67"></String>
          </TextLine>

          
          
          <TextLine ID="eSc_line_93e81b8f"
                    TAGREFS="LT210"
                    BASELINE="658 1706 1437 1690" 
                    HPOS="658"
                    VPOS="1645"
                    WIDTH="779"
                    HEIGHT="77">
            <Shape><Polygon POINTS="658 1706 658 1712 713 1722 715 1722 717 1722 758 1712 760 1712 811 1720 813 1720 868 1710 872 1710 874 1710 946 1718 948 1718 1437 1700 1437 1690 1431 1645 670 1663 658 1706"/></Shape>
	    <String CONTENT="legibus omnibus ſufficere debere Chriſtus admonue"
                    HPOS="658"
                    VPOS="1645"
                    WIDTH="779"
                    HEIGHT="77"></String>
          </TextLine>

          
          
          <TextLine ID="eSc_line_e19c48e0"
                    TAGREFS="LT210"
                    BASELINE="658 1753 1409 1743" 
                    HPOS="658"
                    VPOS="1696"
                    WIDTH="751"
                    HEIGHT="67">
            <Shape><Polygon POINTS="1127 1698 1111 1698 1101 1708 1099 1708 1086 1708 1007 1700 990 1700 978 1700 956 1710 952 1710 933 1710 843 1702 833 1704 813 1704 801 1704 672 1712 658 1753 658 1763 1407 1753 1409 1743 1405 1704 1139 1696 1127 1698"/></Shape>
	    <String CONTENT="rit, quum exemplum ſe nobis dediße profeſſus est."
                    HPOS="658"
                    VPOS="1696"
                    WIDTH="751"
                    HEIGHT="67"></String>
          </TextLine>

          
          
          <TextLine ID="eSc_line_40be2f9b"
                    TAGREFS="LT210"
                    BASELINE="658 1806 1437 1790" 
                    HPOS="658"
                    VPOS="1745"
                    WIDTH="779"
                    HEIGHT="92">
            <Shape><Polygon POINTS="658 1806 658 1820 735 1837 737 1837 739 1837 741 1837 741 1835 758 1820 760 1820 913 1833 915 1833 917 1833 964 1820 988 1829 990 1829 992 1831 1135 1831 1135 1829 1137 1829 1139 1829 1158 1816 1239 1827 1241 1827 1243 1827 1272 1814 1276 1812 1437 1812 1437 1790 1431 1745 670 1765 658 1806"/></Shape>
	    <String CONTENT="Itaque illud potißimum obſeruare conſueuimus, ut"
                    HPOS="658"
                    VPOS="1745"
                    WIDTH="779"
                    HEIGHT="92"></String>
          </TextLine>

          
          
          <TextLine ID="eSc_line_f32c8194"
                    TAGREFS="LT210"
                    BASELINE="1280 1849 1431 1843" 
                    HPOS="1280"
                    VPOS="1794"
                    WIDTH="151"
                    HEIGHT="86">
            <Shape><Polygon POINTS="1425 1802 1329 1794 1327 1794 1325 1794 1292 1804 1280 1837 1280 1849 1280 1865 1337 1865 1345 1871 1358 1880 1360 1880 1362 1880 1364 1880 1431 1876 1431 1843 1427 1804 1425 1802"/></Shape>
	    <String CONTENT="Chriſtumn"
                    HPOS="1280"
                    VPOS="1794"
                    WIDTH="151"
                    HEIGHT="86"></String>
          </TextLine>

          
        </TextBlock>
        
        <TextBlock HPOS="658.0"
                   VPOS="483.0"
                   WIDTH="790.0"
                   HEIGHT="1337.0"
                   ID="eSc_textblock_6acdc97d"
                   TAGREFS="BT651">
          <Shape><Polygon POINTS="1448 493 1434 1807 1233 1807 1233 1811 965 1811 965 1820 658 1816 658 501 821 485 822 483 1338 483"/></Shape>
          
        </TextBlock>
        
        <TextBlock HPOS="1287"
                   VPOS="1821"
                   WIDTH="146"
                   HEIGHT="42"
                   ID="eSc_textblock_35a4346f"
                   TAGREFS="BT674">
          <Shape><Polygon POINTS="1433 1821 1433 1855 1301 1863 1287 1854 1287 1821"/></Shape>
          
        </TextBlock>
        

        
      </PrintSpace>
    </Page>
  </Layout>
</alto>
