1546 2351
239 399 621 67 DE BARBA SACERDOTVM.

172 464 748 74 Chriſtum ipſum nobis ad imitandum proponamus.

168 513 772 80 Eo enim argumento excandeſcit Ignatius, diui loan¬

168 556 772 88 nis Euangeliſtæ diſcipulus, in quorundam ſuperſti¬

168 605 768 90 tionem, qui ſe ideo ſanctiores fore arbitrabantur,

168 668 770 78 quia carnibus abſtinere perpetuò inſtituerant. Chri¬

168 719 770 70 stus, inquit ille, comedit carnes, Petrus comedit car¬

166 766 774 78 nes, & quæ ſequuntur. Quur nos igitur earum eſum

166 809 776 80 ſanctitatis ergo ſustollamus. Exempla enim ille de¬

168 858 762 92 dit nobis, ut quemadmodum quid ipſe fecerit, ita &

166 912 770 81 nos faceremus. Atque ita ſine ulla prorſus contro¬

166 963 774 94 uerſia dicimus. Vnamquamque ipſius aſſertoris no¬

164 1016 733 81 ſtri actionem uitæ noſtræ legem & rationem eſſe.

170 1071 764 88 Quo conſtituto Accuſatores noſtros interrogarim,

166 1120 766 92 nunquid ullum Chriſti ipſius præceptum, dictumúe,

166 1173 770 80 aut exemplum habeant, quo barbam ille uiros abra¬

168 1214 721 88 dere iuſſerit, uel indicarit, uel ſaltem innuerit.

166 1271 774 86 Nullum dubio procul huiuſmodi reperitur. Contrà

164 1322 774 84 uero, & Chriſti ipſius exemplum, qui barbam aßi¬

168 1373 770 92 due gestaſſe fertur, & Petri, & Pauli, & Apoſto¬

168 1430 770 84 lorum omnium mores Barbárum defenſionem con¬

162 1467 776 90 ſtituere uidentur. Sunt enim qui Christi faciem à ma

168 1530 770 84 ioribus acceptam ita deſcribant: Vt barba eum pro¬

168 1569 770 96 mißa, flauáque fuiße aſſeuerẽt, ne aliter unquàm à

170 1618 760 106 Græcis, à Latinis, alijs́ nationibus pingi, ſculpi́

168 1671 772 94 manifeſtum eſt. Petrum, cui ſumma uni in Chriſtianũ

170 1720 760 111 omne nomen autoritas ab ipſo Deo attributa eſt.

750 1802 84 63 B 2
