1546 2351
244 399 606 63 DE BARBA SACERDOTVM

172 456 768 72 plenis effingebant: quod beatißimum illum arbitra¬

172 519 768 66 rentur, qui pecunioſior haberetur. Nos quum nihil

172 566 762 68 barba uenerabilius intelligamus, ipſum dominum,

174 615 768 68 Deum́ noſtrum, & reliquum Diuorum cœtũ cum

174 662 768 64 barba pingere pientißimũ arbitramur. Sed enim mi

174 711 762 74 nime inficiari poterunt, quin præcurſor ille Sanctiſſ.

174 767 764 67 tonſorem nõ admiſerit, quin idem fecerit. D. Iacobus,

174 816 768 61 cui inter reliquas bene instituti animi dotes id ſum¬

176 858 766 70 ma omniũ conſenſione attribuitur laudi, quod nul¬

174 914 770 67 lo unquàm uitæ tempore tonſorẽ admiſerit. Nos infe

174 967 768 67 lices id, uel uitio cuipiam dabimus, uel ſub execratio

178 1022 764 69 nis crimine fieri prohibebimus, quod ſanctißimis ui¬

178 1067 766 69 ris ab ipſo Dei filio, aſſertore noſtro eruditis, omniũ

178 1128 768 65 approbatione conceditur : at́ uti exemplum conti¬

178 1169 768 71 nentißimæ uitæ inter uirtutis opera recenſetur. lam¬

176 1230 770 59 pridem omnino uera non modo uocabula, uerũ etiã

178 1277 768 57 morum bonorum ſemitam amiſimus. Iacobo cui per

178 1318 770 67 petua quædam iuſtitiæ obſeruantia cognomentũ de¬

178 1379 768 60 dit, laudi datur, quod nunquàm attonſus, nec unctus

182 1422 766 66 unguento, nec uſus balneo ſit. Nos eos ut infames ca¬

180 1473 770 76 lumniabimur, qui & tonſores & delicias, alias huiuſ

184 1524 764 80 modi abominantur Quod ſi dominus Deus́ noſter

184 1577 766 70 barbam uirilitatis indiciũ geſtauit, ſi Petrus, ſi Pau¬

186 1626 766 80 lus, ſi Apostoli reliqui barbati eſſe uoluerunt. Si con

186 1684 766 65 trà barbas nihil à fidei noſtræ procerib. dictum, mo¬

192 1726 764 92 nitumúe reperitur, quid eſt, quod in lege ulla barbá¬

598 1794 356 59 B 3 rum damna¬
