1545 2351
817 431 439 58 IOANNES PIERIVS.

648 499 777 65 rum damnationẽ expectemus, aut ullorũ extimeſca

648 544 775 67 mus minas, ſi nobiſcum Deus ſentit, cuius in hoc ha¬

648 593 775 73 bitu filium præceptorem noſtrũ imitamur. Quartũ

648 644 773 65 erat, ut uideremus, an hæc barbárum ablegatio ter¬

648 699 773 61 tio legum ſcriptarum genere, Diuini quippe ſpiritus

647 748 776 63 admonitu præcepta eſſet. Siquidem & alia ſunt, quæ

647 801 776 62 pietatis nostræ duces, nulla prius à Chriſto, Diſcipu

648 852 773 60 lisue, eius mentione facta, nullóue exemplo præſtito,

647 903 776 62 diuino tamen eo afflatu conciti constituere, quæ mihi

647 954 627 60 non ſunt ad commemorandum neceſſaria.

647 1003 770 60 Hoc in genere ſunt Cõciliorum decreta, instituta́,

647 1057 776 59 utpote qui credere tenemur, atqui ita credimus, in

650 1106 769 65 ijs, quæ pertinent ad fidem, Cõcilia ritè congregata,

645 1159 776 65 nihil quicquã abſ aſpirantis Dei ueri numine con¬

643 1208 774 65 ſtituiſſe, ea́ & firma & rata, et immutabilia ubi,

648 1259 771 61 & ſemper eſſe debere. Morum uero at rituum ra¬

648 1314 773 57 tio, pro locorum, temporum & perſonarum condi¬

647 1371 776 51 tione plerun́ uariata, humanam potius naturã ſa¬

647 1412 774 69 pit, quàm diuinam. His tamen armis noſtri accuſato

645 1459 774 63 res inſtructi, deſumptum ex uulgatis quibuſdam co¬

647 1522 772 55 dicibus, Carthaginenſe illud cõcilium noſtris copijs

647 1563 776 59 opponunt, cuius præſidio muniti, in barbas impetũ

647 1622 774 53 faciunt, exultantes ſtragem, & extremum earum

647 1663 776 68 exitium minitantur. Quaſi diuino interueniente ſpi

645 1712 776 64 ritu factum ſit, ut pulcherrimũ hoc naturæ opus abo

654 1765 765 86 leretur. Qui olim uotis de non amouenda mutilan¬

1326 1828 97 53 dáue
