<?xml version="1.0" encoding="UTF-8"?>
<alto xmlns:xsi="http://www.w3.org/2001/XMLSchema-instance"
      xmlns="http://www.loc.gov/standards/alto/ns-v4#"
      xsi:schemaLocation="http://www.loc.gov/standards/alto/ns-v4# http://www.loc.gov/standards/alto/v4/alto-4-2.xsd">
  <Description>
    <MeasurementUnit>pixel</MeasurementUnit>
    <sourceImageInformation>
      <fileName>26_2ac30_default.jpg</fileName>
      
    </sourceImageInformation>
  </Description>
  
  <Tags>
    <OtherTag ID="BT650" LABEL="DropCapitalZone" DESCRIPTION="block type DropCapitalZone"/><OtherTag ID="BT651" LABEL="MainZone" DESCRIPTION="block type MainZone"/><OtherTag ID="BT652" LABEL="MarginTextZone" DESCRIPTION="block type MarginTextZone"/><OtherTag ID="BT653" LABEL="NumberingZone" DESCRIPTION="block type NumberingZone"/><OtherTag ID="BT654" LABEL="RunningTitleZone" DESCRIPTION="block type RunningTitleZone"/><OtherTag ID="BT655" LABEL="TitlePageZone" DESCRIPTION="block type TitlePageZone"/><OtherTag ID="BT673" LABEL="GraphicZone" DESCRIPTION="block type GraphicZone"/><OtherTag ID="BT674" LABEL="QuireMarksZone" DESCRIPTION="block type QuireMarksZone"/>
    <OtherTag ID="LT210" LABEL="DefaultLine" DESCRIPTION="line type DefaultLine"/><OtherTag ID="LT211" LABEL="DropCapitalLine" DESCRIPTION="line type DropCapitalLine"/><OtherTag ID="LT212" LABEL="InterlinearLine" DESCRIPTION="line type InterlinearLine"/><OtherTag ID="LT213" LABEL="HeadingLine" DESCRIPTION="line type HeadingLine"/>
  </Tags>
  
  <Layout>
    <Page WIDTH="1546"
          HEIGHT="2351"
          PHYSICAL_IMG_NR="22"
          ID="eSc_dummypage_">
      <PrintSpace HPOS="0"
                  VPOS="0"
                  WIDTH="1546"
                  HEIGHT="2351">
        
        <TextBlock HPOS="227.0"
                   VPOS="415.0"
                   WIDTH="631.0"
                   HEIGHT="49.0"
                   ID="eSc_textblock_8561c63d"
                   TAGREFS="BT654">
          <Shape><Polygon POINTS="858 415 843 464 227 464 242 415"/></Shape>
          
          
          <TextLine ID="eSc_line_99457fef"
                    TAGREFS="LT210"
                    BASELINE="242 456 850 456" 
                    HPOS="242"
                    VPOS="415"
                    WIDTH="608"
                    HEIGHT="57">
            <Shape><Polygon POINTS="811 415 791 415 772 415 752 415 732 415 713 415 693 415 674 415 654 415 634 415 615 415 595 415 576 415 556 415 536 415 517 415 497 415 478 415 458 415 438 415 419 415 399 415 380 415 360 415 340 415 321 415 301 415 282 415 262 415 242 415 242 456 242 472 850 466 850 456 844 431 830 415"/></Shape>
	    <String CONTENT="DE BARBA SACERDOTVM."
                    HPOS="242"
                    VPOS="415"
                    WIDTH="608"
                    HEIGHT="57"></String>
          </TextLine>

          
          
          <TextLine ID="eSc_line_2caa6b94"
                    TAGREFS="LT210"
                    BASELINE="168 521 940 532" 
                    HPOS="166"
                    VPOS="470"
                    WIDTH="774"
                    HEIGHT="80">
            <Shape><Polygon POINTS="932 491 913 489 893 489 873 487 854 485 834 485 830 479 797 478 795 478 380 481 333 481 329 481 297 470 295 470 293 470 291 470 289 470 278 479 264 470 262 470 260 470 258 470 207 474 207 476 188 481 168 489 168 521 166 530 936 550 940 532 938 499 932 491"/></Shape>
	    <String CONTENT="dáue barba nuncupatis non temerè ſeſe propitium"
                    HPOS="166"
                    VPOS="470"
                    WIDTH="774"
                    HEIGHT="80"></String>
          </TextLine>

          
          
          <TextLine ID="eSc_line_225de935"
                    TAGREFS="LT210"
                    BASELINE="170 570 940 579" 
                    HPOS="168"
                    VPOS="532"
                    WIDTH="772"
                    HEIGHT="65">
            <Shape><Polygon POINTS="170 570 168 581 630 597 632 597 938 589 940 579 938 540 170 532 170 570"/></Shape>
	    <String CONTENT="mortalibus exhibebat, Carthaginenſi concilio ſibi¬"
                    HPOS="168"
                    VPOS="532"
                    WIDTH="772"
                    HEIGHT="65"></String>
          </TextLine>

          
          
          <TextLine ID="eSc_line_dae16650"
                    TAGREFS="LT210"
                    BASELINE="172 619 513 630 938 626" 
                    HPOS="170"
                    VPOS="579"
                    WIDTH="768"
                    HEIGHT="65">
            <Shape><Polygon POINTS="172 619 170 632 295 644 297 644 936 642 938 626 934 589 172 579 172 619"/></Shape>
	    <String CONTENT="met cõtrarius, barbas demum cœperit faſtidire, quæ"
                    HPOS="170"
                    VPOS="579"
                    WIDTH="768"
                    HEIGHT="65"></String>
          </TextLine>

          
          
          <TextLine ID="eSc_line_53bf6a71"
                    TAGREFS="LT210"
                    BASELINE="170 668 936 685" 
                    HPOS="168"
                    VPOS="630"
                    WIDTH="768"
                    HEIGHT="69">
            <Shape><Polygon POINTS="170 668 168 687 241 681 364 691 425 697 427 699 934 699 936 685 934 648 170 630 170 668"/></Shape>
	    <String CONTENT="quidem quàm indigna ſint, quæ Deo attribuantur,"
                    HPOS="168"
                    VPOS="630"
                    WIDTH="768"
                    HEIGHT="69"></String>
          </TextLine>

          
          
          <TextLine ID="eSc_line_99574730"
                    TAGREFS="LT210"
                    BASELINE="172 720 944 732" 
                    HPOS="170"
                    VPOS="681"
                    WIDTH="774"
                    HEIGHT="65">
            <Shape><Polygon POINTS="172 720 170 730 429 746 431 746 942 742 944 732 944 695 172 681 172 720"/></Shape>
	    <String CONTENT="uel infantißimus quiſ poterit iudicare. Ne tamen"
                    HPOS="170"
                    VPOS="681"
                    WIDTH="774"
                    HEIGHT="65"></String>
          </TextLine>

          
          
          <TextLine ID="eSc_line_d85f2387"
                    TAGREFS="LT210"
                    BASELINE="172 771 942 783" 
                    HPOS="170"
                    VPOS="728"
                    WIDTH="772"
                    HEIGHT="67">
            <Shape><Polygon POINTS="172 771 170 777 938 795 942 783 940 738 172 728 172 771"/></Shape>
	    <String CONTENT="isti uerecundantur tam abiectis &amp; ſordidis curis"
                    HPOS="170"
                    VPOS="728"
                    WIDTH="772"
                    HEIGHT="67"></String>
          </TextLine>

          
          
          <TextLine ID="eSc_line_b3bb3e7a"
                    TAGREFS="LT210"
                    BASELINE="172 820 940 826" 
                    HPOS="170"
                    VPOS="773"
                    WIDTH="770"
                    HEIGHT="67">
            <Shape><Polygon POINTS="329 775 309 775 297 773 256 773 250 773 231 773 211 773 192 773 172 773 172 820 170 828 227 840 229 840 938 838 940 826 938 789 340 775 329 775"/></Shape>
	    <String CONTENT="Deum admiſcere. Sed detur in hoc uenia eorum im¬"
                    HPOS="170"
                    VPOS="773"
                    WIDTH="770"
                    HEIGHT="67"></String>
          </TextLine>

          
          
          <TextLine ID="eSc_line_43d5d3d9"
                    TAGREFS="LT210"
                    BASELINE="172 869 944 877" 
                    HPOS="170"
                    VPOS="826"
                    WIDTH="774"
                    HEIGHT="69">
            <Shape><Polygon POINTS="172 869 170 877 242 889 940 895 944 877 944 838 172 826 172 869"/></Shape>
	    <String CONTENT="becillitati, quod ingenium ad altiora tollere neque¬"
                    HPOS="170"
                    VPOS="826"
                    WIDTH="774"
                    HEIGHT="69"></String>
          </TextLine>

          
          
          <TextLine ID="eSc_line_60bfced1"
                    TAGREFS="LT210"
                    BASELINE="174 920 944 928" 
                    HPOS="172"
                    VPOS="881"
                    WIDTH="772"
                    HEIGHT="65">
            <Shape><Polygon POINTS="174 920 172 936 695 936 703 936 754 946 756 946 942 936 944 928 942 889 174 881 174 920"/></Shape>
	    <String CONTENT="ant, ne tamen cæteri ſub boni ſpecie decipiantur, ac¬"
                    HPOS="172"
                    VPOS="881"
                    WIDTH="772"
                    HEIGHT="65"></String>
          </TextLine>

          
          
          <TextLine ID="eSc_line_b5df3a54"
                    TAGREFS="LT210"
                    BASELINE="174 969 944 983" 
                    HPOS="172"
                    VPOS="922"
                    WIDTH="772"
                    HEIGHT="77">
            <Shape><Polygon POINTS="938 942 821 932 819 932 748 940 726 942 724 940 719 932 717 932 717 930 715 930 713 930 711 930 656 938 642 940 517 940 515 936 507 930 507 928 505 928 503 928 501 928 429 936 411 936 407 934 384 924 382 924 380 924 311 934 299 934 297 932 280 922 278 922 276 922 274 922 174 930 174 969 172 985 940 999 944 983 942 971 938 942"/></Shape>
	    <String CONTENT="curatè cauendum. Idcirco, quam isti legẽ recitant, au"
                    HPOS="172"
                    VPOS="922"
                    WIDTH="772"
                    HEIGHT="77"></String>
          </TextLine>

          
          
          <TextLine ID="eSc_line_9ce9a794"
                    TAGREFS="LT210"
                    BASELINE="178 1024 583 1028" 
                    HPOS="176"
                    VPOS="981"
                    WIDTH="407"
                    HEIGHT="59">
            <Shape><Polygon POINTS="178 1024 176 1034 579 1040 583 1028 581 987 178 981 178 1024"/></Shape>
	    <String CONTENT="diendum. Ea eſt huiuſmodi."
                    HPOS="176"
                    VPOS="981"
                    WIDTH="407"
                    HEIGHT="59"></String>
          </TextLine>

          
          
          <TextLine ID="eSc_line_e0837685"
                    TAGREFS="LT210"
                    BASELINE="231 1083 924 1091" 
                    HPOS="229"
                    VPOS="1032"
                    WIDTH="695"
                    HEIGHT="67">
            <Shape><Polygon POINTS="231 1083 229 1093 920 1099 924 1091 924 1050 873 1038 871 1038 797 1048 787 1048 779 1048 736 1036 734 1036 732 1036 730 1036 711 1046 695 1046 544 1036 542 1036 450 1042 417 1044 407 1042 378 1032 376 1032 374 1032 231 1038 231 1083"/></Shape>
	    <String CONTENT="Clerici ne comã nutriant, ne barbã."
                    HPOS="229"
                    VPOS="1032"
                    WIDTH="695"
                    HEIGHT="67"></String>
          </TextLine>

          
          
          <TextLine ID="eSc_line_8429f397"
                    TAGREFS="LT210"
                    BASELINE="176 1128 948 1142" 
                    HPOS="174"
                    VPOS="1079"
                    WIDTH="774"
                    HEIGHT="76">
            <Shape><Polygon POINTS="685 1089 674 1089 672 1091 658 1099 615 1091 605 1089 587 1089 581 1087 564 1091 509 1097 485 1091 474 1087 470 1087 452 1087 429 1091 399 1095 391 1091 386 1085 372 1085 364 1085 350 1091 342 1093 331 1091 311 1085 293 1085 291 1085 264 1091 258 1091 256 1091 250 1085 235 1085 233 1079 176 1089 176 1128 174 1138 944 1155 948 1142 946 1091 842 1103 728 1103 693 1091 687 1089 685 1089"/></Shape>
	    <String CONTENT="Aiũt enim isti constitutionẽ hanc à concilio profectã"
                    HPOS="174"
                    VPOS="1079"
                    WIDTH="774"
                    HEIGHT="76"></String>
          </TextLine>

          
          
          <TextLine ID="eSc_line_ed39b1c1"
                    TAGREFS="LT210"
                    BASELINE="178 1183 948 1189" 
                    HPOS="176"
                    VPOS="1142"
                    WIDTH="772"
                    HEIGHT="60">
            <Shape><Polygon POINTS="178 1183 176 1193 944 1202 948 1189 946 1150 178 1142 178 1183"/></Shape>
	    <String CONTENT="Carthaginẽſi, ab Alexãdro tertio repetitã, confirma"
                    HPOS="176"
                    VPOS="1142"
                    WIDTH="772"
                    HEIGHT="60"></String>
          </TextLine>

          
          
          <TextLine ID="eSc_line_71fbe468"
                    TAGREFS="LT210"
                    BASELINE="178 1230 946 1238" 
                    HPOS="176"
                    VPOS="1191"
                    WIDTH="770"
                    HEIGHT="58">
            <Shape><Polygon POINTS="178 1230 176 1242 942 1249 946 1238 942 1191 178 1191 178 1230"/></Shape>
	    <String CONTENT="tam à pleriſ alijs iuniorum, à noſtris minime repu¬"
                    HPOS="176"
                    VPOS="1191"
                    WIDTH="770"
                    HEIGHT="58"></String>
          </TextLine>

          
          
          <TextLine ID="eSc_line_0d6d9a6c"
                    TAGREFS="LT210"
                    BASELINE="178 1281 948 1289" 
                    HPOS="176"
                    VPOS="1236"
                    WIDTH="772"
                    HEIGHT="72">
            <Shape><Polygon POINTS="178 1261 178 1281 176 1289 758 1308 760 1308 836 1298 918 1308 920 1308 922 1308 946 1296 948 1289 946 1253 828 1242 826 1242 760 1251 756 1251 752 1251 705 1240 703 1240 701 1240 564 1249 544 1238 542 1238 540 1238 538 1238 376 1247 350 1236 348 1236 346 1236 344 1236 317 1246 193 1236 178 1261"/></Shape>
	    <String CONTENT="diandam eſſe. Quaſi uero nos ij ſimus, qui contra"
                    HPOS="176"
                    VPOS="1236"
                    WIDTH="772"
                    HEIGHT="72"></String>
          </TextLine>

          
          
          <TextLine ID="eSc_line_d312d27a"
                    TAGREFS="LT210"
                    BASELINE="178 1332 944 1343" 
                    HPOS="176"
                    VPOS="1283"
                    WIDTH="768"
                    HEIGHT="70">
            <Shape><Polygon POINTS="391 1285 380 1287 331 1293 311 1285 307 1283 305 1283 303 1283 295 1283 289 1283 213 1291 192 1283 178 1287 178 1332 176 1338 305 1351 307 1353 942 1353 944 1343 942 1302 815 1291 813 1291 625 1293 446 1295 405 1287 393 1285 391 1285"/></Shape>
	    <String CONTENT="leges quippiam moliamur: aut minus intelligamus,"
                    HPOS="176"
                    VPOS="1283"
                    WIDTH="768"
                    HEIGHT="70"></String>
          </TextLine>

          
          
          <TextLine ID="eSc_line_585510ac"
                    TAGREFS="LT210"
                    BASELINE="176 1385 950 1392" 
                    HPOS="174"
                    VPOS="1336"
                    WIDTH="776"
                    HEIGHT="72">
            <Shape><Polygon POINTS="568 1340 560 1338 513 1338 509 1338 489 1338 470 1338 450 1338 431 1336 411 1336 391 1336 372 1336 352 1336 333 1336 329 1336 190 1342 176 1365 176 1385 174 1400 946 1408 950 1392 948 1349 585 1340 568 1340"/></Shape>
	    <String CONTENT="ſi leges deſpici, contemniúe cœperint: breui rerum"
                    HPOS="174"
                    VPOS="1336"
                    WIDTH="776"
                    HEIGHT="72"></String>
          </TextLine>

          
          
          <TextLine ID="eSc_line_bab12ada"
                    TAGREFS="LT210"
                    BASELINE="180 1434 948 1438" 
                    HPOS="178"
                    VPOS="1389"
                    WIDTH="770"
                    HEIGHT="62">
            <Shape><Polygon POINTS="180 1434 178 1443 944 1451 948 1438 946 1402 180 1389 180 1434"/></Shape>
	    <String CONTENT="humanarum omniũ rationes euertendas, ſacra pro¬"
                    HPOS="178"
                    VPOS="1389"
                    WIDTH="770"
                    HEIGHT="62"></String>
          </TextLine>

          
          
          <TextLine ID="eSc_line_8ac5de1b"
                    TAGREFS="LT210"
                    BASELINE="180 1488 954 1492" 
                    HPOS="178"
                    VPOS="1439"
                    WIDTH="776"
                    HEIGHT="63">
            <Shape><Polygon POINTS="180 1488 178 1498 950 1502 954 1492 954 1451 180 1439 180 1488"/></Shape>
	    <String CONTENT="phanis miſcenda, nihil ſanctè, nihil honeſtè, nihil lau¬"
                    HPOS="178"
                    VPOS="1439"
                    WIDTH="776"
                    HEIGHT="63"></String>
          </TextLine>

          
          
          <TextLine ID="eSc_line_9d9693e5"
                    TAGREFS="LT210"
                    BASELINE="182 1535 952 1545" 
                    HPOS="180"
                    VPOS="1496"
                    WIDTH="772"
                    HEIGHT="61">
            <Shape><Polygon POINTS="182 1535 180 1547 948 1557 952 1545 950 1506 182 1496 182 1535"/></Shape>
	    <String CONTENT="dabiliter factũ expectari debere. Solutis legibus, ſol¬"
                    HPOS="180"
                    VPOS="1496"
                    WIDTH="772"
                    HEIGHT="61"></String>
          </TextLine>

          
          
          <TextLine ID="eSc_line_9500e252"
                    TAGREFS="LT210"
                    BASELINE="182 1588 954 1598" 
                    HPOS="180"
                    VPOS="1541"
                    WIDTH="774"
                    HEIGHT="73">
            <Shape><Polygon POINTS="182 1588 180 1598 950 1614 954 1598 954 1557 877 1549 875 1549 848 1553 822 1559 789 1553 760 1547 758 1547 756 1547 742 1551 726 1557 683 1551 644 1545 642 1545 640 1545 630 1549 619 1555 515 1547 480 1545 478 1545 456 1545 362 1553 321 1543 311 1541 309 1541 307 1541 293 1543 237 1551 182 1541 182 1588"/></Shape>
	    <String CONTENT="uentur Ciuitatum commertia, uiolabuntur gentiũ fœ"
                    HPOS="180"
                    VPOS="1541"
                    WIDTH="774"
                    HEIGHT="73"></String>
          </TextLine>

          
          
          <TextLine ID="eSc_line_15fb90d5"
                    TAGREFS="LT210"
                    BASELINE="184 1637 952 1653" 
                    HPOS="182"
                    VPOS="1594"
                    WIDTH="770"
                    HEIGHT="69">
            <Shape><Polygon POINTS="540 1594 195 1596 184 1610 184 1637 182 1647 948 1663 952 1653 950 1614 856 1600 854 1600 785 1610 777 1610 772 1610 726 1598 724 1598 723 1598 672 1608 666 1608 664 1608 648 1596 646 1596 644 1596 642 1596 640 1596 609 1606 605 1606 601 1606 542 1594 540 1594"/></Shape>
	    <String CONTENT="dera, nullus ordo conſiſtet, nulla ratio, nulla iuſtitia,"
                    HPOS="182"
                    VPOS="1594"
                    WIDTH="770"
                    HEIGHT="69"></String>
          </TextLine>

          
          
          <TextLine ID="eSc_line_c655b73d"
                    TAGREFS="LT210"
                    BASELINE="186 1692 958 1700" 
                    HPOS="184"
                    VPOS="1645"
                    WIDTH="774"
                    HEIGHT="67">
            <Shape><Polygon POINTS="930 1653 915 1653 893 1663 889 1663 822 1663 822 1661 817 1653 815 1653 815 1651 813 1651 811 1651 809 1651 726 1659 707 1649 705 1649 703 1649 576 1659 574 1659 556 1647 554 1647 552 1647 550 1647 409 1657 368 1645 366 1645 215 1645 213 1645 211 1645 199 1649 186 1686 186 1692 184 1698 380 1712 382 1712 956 1706 958 1700 958 1663 930 1653 930 1653"/></Shape>
	    <String CONTENT="nulla æquitas permanebit. Licebit unicuique ex li¬"
                    HPOS="184"
                    VPOS="1645"
                    WIDTH="774"
                    HEIGHT="67"></String>
          </TextLine>

          
          
          <TextLine ID="eSc_line_5762f4b8"
                    TAGREFS="LT210"
                    BASELINE="188 1739 964 1753" 
                    HPOS="186"
                    VPOS="1696"
                    WIDTH="778"
                    HEIGHT="71">
            <Shape><Polygon POINTS="188 1739 186 1749 519 1767 521 1767 962 1763 964 1753 964 1714 188 1696 188 1739"/></Shape>
	    <String CONTENT="bidine ſua uitam inſtituere, ſecedere iterum in ſyl¬"
                    HPOS="186"
                    VPOS="1696"
                    WIDTH="778"
                    HEIGHT="71"></String>
          </TextLine>

          
          
          <TextLine ID="eSc_line_ca8e7657"
                    TAGREFS="LT210"
                    BASELINE="190 1792 967 1806" 
                    HPOS="188"
                    VPOS="1749"
                    WIDTH="779"
                    HEIGHT="86">
            <Shape><Polygon POINTS="190 1792 188 1808 242 1827 244 1827 246 1829 282 1829 282 1827 284 1827 286 1827 286 1825 301 1812 370 1829 372 1829 464 1831 466 1831 468 1831 497 1818 525 1831 527 1831 529 1831 593 1825 630 1835 632 1835 634 1835 697 1833 699 1833 701 1833 719 1820 803 1833 805 1833 807 1833 844 1822 881 1835 883 1835 885 1835 966 1822 967 1806 967 1767 190 1749 190 1792"/></Shape>
	    <String CONTENT="uas, &amp; antra, &amp; in uiſceribuus terræ deliteſcere"
                    HPOS="188"
                    VPOS="1749"
                    WIDTH="779"
                    HEIGHT="86"></String>
          </TextLine>

          
          
          <TextLine ID="eSc_line_26bb7a7a"
                    TAGREFS="LT210"
                    BASELINE="781 1857 869 1859" 
                    HPOS="777"
                    VPOS="1812"
                    WIDTH="91"
                    HEIGHT="64">
            <Shape><Polygon POINTS="779 1855 777 1874 864 1876 868 1857 866 1822 779 1812 779 1855"/></Shape>
	    <String CONTENT="B 4"
                    HPOS="777"
                    VPOS="1812"
                    WIDTH="91"
                    HEIGHT="64"></String>
          </TextLine>

          
        </TextBlock>
        
        <TextBlock HPOS="164.0"
                   VPOS="485.0"
                   WIDTH="803.0"
                   HEIGHT="1338.0"
                   ID="eSc_textblock_ad492498"
                   TAGREFS="BT651">
          <Shape><Polygon POINTS="944 493 960 954 928 1024 960 1104 967 1815 715 1815 715 1823 188 1800 164 493 186 485 836 485"/></Shape>
          
        </TextBlock>
        
        <TextBlock HPOS="759"
                   VPOS="1824"
                   WIDTH="113"
                   HEIGHT="47"
                   ID="eSc_textblock_1e6c09c7"
                   TAGREFS="BT674">
          <Shape><Polygon POINTS="836 1871 766 1863 759 1857 759 1824 872 1824 872 1858"/></Shape>
          
        </TextBlock>
        

        
      </PrintSpace>
    </Page>
  </Layout>
</alto>
