1545 2351
823 425 435 60 IOANNES PIERIVS

656 489 773 63 cogemur humanum genus uniuerſum, ut à robustio¬

656 542 771 67 rum inſidijs tuti uiuere ualeamus. Quare nihil ego

654 593 775 65 magis omnibus obſeruandum dixerim, quàm quod

654 646 773 63 Iege ſancitum, receptum à maioribus, uſu inſuper ac

656 693 773 61 cedente, firmitatem ſit aliquam aſſecutum. Quid hic

656 756 773 49 igitur faciemus? contra omnes rationes noſtras, Lex

654 795 771 67 oppoſita eſt. Actum utique de re noſtra, uicti, fuſi,

652 848 773 70 profligati́ ſumus, delicatorum factiones imperãt,

650 905 779 54 & Siculorũ nos moribus addixerunt. Romana iam

648 946 779 64 ſeueritas faceſſat. Laſciuiendum eſt ex noua lege, ab¬

650 1008 771 55 radendum, expilandum́, & ut uno omnia uerbo,

648 1054 777 60 eo́ nouo, dicam, effœminaſcendum. Hoc hoc illud

647 1101 780 66 eſt, quod accuſatores noſtri unicũ molliciei ſuæ præ¬

643 1150 782 70 ſidium delegerunt. Hinc nos oppugnant, hinc nos ad

647 1212 774 49 unum cedunt, hinc nos una internicione meditantur

647 1251 772 71 abolere. Quod niſi Clerici, glabelli, luculenti́ fue¬

645 1308 778 65 rint, ab aris omnibus ſummouebuntur, eijcientur è

645 1353 776 63 templis, ne ullus illis inter humana commercia lo¬

645 1418 776 47 cus reliquetur. Sed nimium ceſſamus. Age age nos no

641 1463 782 53 ſtras cõtra copias inducamus, tormentũ́ illud prin

645 1514 776 61 cipium belli torqueamus, quo præſidium eorũ omne

645 1557 776 61 funditus euertamus. Non ita, non Non ita inquam in

645 1616 776 51 Carthaginenſi Concilio decretum. Liquido enim hoc

643 1665 778 55 negare poſſumus, propterea quod aliquot ab hinc an

643 1720 780 51 nis, caſtigati codicis defectu, lectio illa corrupta cir¬

645 1771 776 76 cumfertur, una quippe abraſa locutione, uerbo ſcili¬

1286 1822 135 64 cet Ra¬
