1546 2351
248 409 616 65 DE BARBA SACERDOTVM.

176 470 766 82 cet . Radant. Nam grauißimi, at integerrimi, emun

178 521 764 88 ctißimæ́ naris uiri apud Gratianum ita legendum

180 572 135 60 cenſent.

227 623 717 80 Clerici ne comam nutriant, neque bar¬

180 664 235 74 bam radant

229 722 717 69 Nemo ſiquidem inficiatur uerba hæc de Cartha¬

178 771 770 67 ginenſi concilio deſcripta. Bene autem est, quod

178 820 762 73 ipſa Conciliorũ monumenta nuper in lucẽ prodiëre,

176 863 768 85 in quibus Carthaginenſe ita dubio procul habet, pro

178 914 756 89 ut in Bibliotheca Palatina manu ſcripti codices qui́

180 967 746 83 antiquißimi habent. Ita enim ibi notatũ inſpeximus.

229 1026 715 77 Clericus nec comã nutriat, nec barbam

178 1071 125 55 radat.

229 1126 717 78 Expalluere hoſtes notabiliter, acrius igitur ur¬

178 1183 766 72 geamus, cedent eueſtigio, ubi cornu alterũ incitaro.

180 1230 766 80 Alexandri III. reſcriptum citãt ad Cantuarienſem

180 1273 270 65 Archiepiſcopum.

225 1328 713 80 Clerici, qui comam & barbam nutriunt,

180 1385 762 68 etiam inuiti a ſuis Archidiaconis tondeant́.

231 1439 717 63 Sed enim in ſuperiore decreto, ut unam impuriſ¬

178 1488 772 77 ſimus neſcio quis tonſor dictionẽ abraſit, ueriſimile

182 1543 770 71 eſt. In hoc Alexandri reſcripto temerarium quempiã

184 1590 770 77 unam intruſiſſe. Nam ijdem & docti, & approbati

184 1639 374 69 uiri legendum autumant.

231 1692 723 84 Clerici, qui comam nutriũt, etiam inuiti

190 1747 587 92 a ſuis Archidiaconis tondeantur.

758 1806 118 68 B 5
