1545 2351
817 446 445 53 IOANNES PIERIVS.

711 497 720 67 Quàm quidem caſtam eſſe lectionem inde maniſe

660 558 771 55 stum est, quod interpretes partem hanc eſſe aiunt de

658 601 775 72 concilij Agathenſis ſanctionibus deſumptam. In illis

658 656 490 61 autem nimirum ita ſcriptum eſt.

703 709 730 64 Clerici, qui comam nutriunt, Ab Archi¬

658 760 716 60 diacono, etiam ſi noluerint, tondeantur.

707 809 726 62 Nulla de barba facta mentione, & in quarto con¬

658 858 767 66 cilio Toletano præcipitur: ut Lectores, Leuitæ, &

658 911 775 68 Sacerdotes detonſo ſuperius capite toto, inferius ſo¬

656 965 771 63 lam circuli coronã relinquant. De barba autem ne

658 1020 771 63 ſomnium quidem. At hæc eadem de coma tantum

654 1061 779 65 in Decretis antiquorum Pontificum pleriſ locis re

654 1120 775 65 periuntur, una cum alijs, quæ ſacerdotum uitam cir¬

654 1167 775 61 cumſcribunt: denique Anicetus ex Apoſtolorum præ

654 1218 775 65 ceptis comam ſanxit clero nutriendam non eſſe, de

654 1265 775 67 Barba profecto minime taciturus, ſi eam quo inho¬

654 1322 775 57 neſtam exiſtimaſſet. Nimirum enim comam nutrire

654 1373 769 66 fœminarum eſt, aut marium molliter degentium, &

654 1420 773 72 impudice, comatos́ in nequitiæ turpitudinis notã,

654 1469 779 68 Græci quàm Latini ſemper acceperunt: ut nõ imme¬

654 1526 775 58 ritò leges uirum, ſacris initiatum non modo uitijs,

654 1573 777 66 uerumetiam uitiorum ſuſpicione carere uolentes, co

654 1620 781 72 mas eos nutrire prohibeant. Contrà autem barba ui

654 1671 777 70 ros promißa decet, eo́ præcipue ſigno, uti ſæpius

654 1729 777 61 dictum, uirtus maſcula à fœminarum mollitie diſtin¬

658 1773 769 80 guitur, quod illæ comam, uiri barbam nutrire debẽt.

1276 1823 153 83 Solenni́
