1546 2351
256 415 617 63 DE BARBA SACERDOTVM.

188 476 770 80 Solenni́ ideo concilij Carthaginenſis Edicto ſacer¬

188 523 766 88 dotibus præcipitur, ne barbam radant, ut uiri ſint

190 579 766 79 & uideantur, & quandam præ ſe ferant ſui, ut ita di

192 630 764 71 cam, generis maieſtatem. Vos tamen Rhodios imita¬

190 673 766 77 mini, apud quos de non abradendo Lex habebatur,

192 724 766 77 quum tamen uulgo omnes raſitarent. Præcipue ue¬

192 777 787 69 ro Byzantios Chryſippus indignißimne fert, non mo¬

190 828 772 69 do leges, ſed pœnas etiam, barbas abradentibus in¬

192 869 766 81 flixiſſe, illos tamen pleroſque omnes raſitationem,

192 924 766 83 quod & uos facitis, adamaſſe. Ita apud omnes Gen¬

192 971 768 88 tes boni plerunque mores perditorum hominum im

192 1036 770 65 portunitate contaminãtur. Ne uero mirum cuipiam

192 1083 770 68 uideatur, ita uitiatos codices per tot annos in damno

192 1128 766 84 fuiſſe:ut ab eo erroris initio multa inſuper decreta,

193 1187 767 76 conſtitutioneſque & in contumaces animaduerſio¬

192 1234 770 74 nes, ſeuerißimæque caſtigationes acceßerint. Bone

193 1279 769 78 Deus, quàm multa ea ſunt, quæ omnibus in antiquo¬

193 1332 769 84 rum codicibus paßim mendoſißime leguntur: quot

193 1389 771 78 immutata? quot adempta? quot inculcata? Atque uti¬

193 1443 771 77 nam multa quorundam iniquitate quotidie non per¬

195 1487 769 74 uerterentur: At uidete obſecro, quæ damna ple¬

195 1537 771 83 runque deprauati codices afferant. Noſtris in ſacris

197 1586 769 87 Legibus, Diſtinctione Quintadecima.Gelaſij Papæ

197 1639 767 90 ſententia eſt Venerabilis uiri Sedulij Paſchale opus,

199 1694 767 81 quod Heroicis deſcripſit uerſibus, inſigni laude

203 1743 763 100 proferendum. Vulgata tamen hactenus exemplaria

895 1822 69 64 pro
