1545 2351
747 446 433 65 IOANNES PIERIVS

580 497 759 84 pro Heroicis uerſibus, Hæreticis uerſibus habuere.

588 548 764 88 Quod bonis quibuſdam Legum profeſſoribus ſuſpi¬

584 607 770 78 cionem oggeßit Poëmata omnia eſſe hæretica. Poë¬

584 648 772 86 tas́ inter pios, etiam ſi ſacra tractent, nequaquàm

586 703 768 84 adnumerari. ld quod Hadriano VI. Pont. Maximo

588 752 772 84 uſque adeo perſuaſum uidimus, ut hac de cauſa nullũ

588 805 772 78 hominum genus maiori proſequeretur odio, quàm

590 854 770 86 Poëtas, id nominis nihil aliud præ ſe ferre arbitra¬

588 905 774 84 tus, quàm impietatem. Et adhuc aliqui, non mali qui¬

592 954 772 86 dem Præſules, deprauatæ illíus lectionis hallucina¬

592 1010 772 77 tione, & alterius huius de raſitanda barba errore

592 1054 774 88 ducti, neminem Sacerdotio dignum putant, qui uel

590 1112 776 77 barbam nutriat, uel uerſus faciat : tanti est prauam

590 1159 776 90 ſemel opinionem imbibiſſe Sed ut alios autores præ¬

594 1216 770 75 tereamus, quàm inclementer à poſteris accepti uete¬

596 1257 770 88 res illi Iuriſconſulti, qui poſteaquàm membratim à

599 1314 769 80 Tribuniano, & carnificibus alijs diſſecti ſunt:neque

598 1367 768 80 ipſa quidẽ membra conſeruare potuerunt, quin paſ¬

598 1420 774 80 ſim contaminata in imperitorum manibus computre

601 1465 773 86 ſcerent, uitia tamen illa pro legibus accepta, ſuos ſin

603 1516 767 80 gula defenſores habent. Volo cuiſmodi ſint, ex leuiſ¬

603 1569 771 82 ſimis quibuſdam breuiter agnoſcatis. Vlpianus De

609 1630 298 74 Vſu fructu Legato.

650 1665 728 84 Proinde & ſi Scænicæ ueſtis uſusfr. leget́,

607 1716 775 86 uel annuli aurei, uel alterius apparatus, alibi

613 1786 484 73 quam in ſcæna non utetur.

1213 1820 177 78 Lectionem
