1546 2351
221 423 629 55 DE BARBA SACERDOTVM.

201 485 719 65 Lectionem, quæ eſt, Annuli aurei Veteres, noui́

156 544 768 65 interpretes plerique agnoſcunt, in antiquißimo ta¬

158 583 376 67 men Piſano codice legas.

203 638 719 63 Proinde ſi Scænicæ ueſtis uſusfr. legetur,

154 691 774 51 uel, Aulei, uel alterius apparatus, alibi quam

156 728 369 55 in ſcæna non utetur.

207 767 719 69 Quàm caſtißimam eſſe lectionem nemo non fa¬

158 822 772 57 teatur. Rideãt ſanè noſtri temporis Iuriſconſulti, qui

156 875 776 61 nihil hoc ad lucrum & formulas ſuas pertinere cla¬

160 924 768 69 mitant. Sed quid illud, quod non obſeruare maioris

156 967 275 73 imprudentiæ fuit.

190 1028 744 73 Aliqui tradidere non leues autores, Quin

158 1071 333 69 quies Quaternos.

207 1124 723 59 Enixam Penelopen. Cum eiuſdem codicis lectio.

154 1173 778 63 Enixam Peloponeſi, Habeat: & tamen non iuris tan

156 1228 776 67 tum prudentes, uerum & nonnulli politiorum lite¬

160 1281 770 62 rarum profeſſores hinc decepti, multa in Penelopes

162 1328 755 64 impudicitiam ſcriptitarunt. Idem Vlp. de inſtitoria.

205 1381 727 57 Si Libitinarius, quem Græce uocant ſer¬

162 1432 504 55 uum pollicitorem habuerit.

211 1479 715 58 Vetustũ tamen exemplar, illud quod habetur Flo

162 1526 429 58 rentiæ, ita legendum indicat.

209 1573 723 64 Si Libitinarius, quos Græce Nekrotha¬

160 1628 749 60 ptas uocant, ſeruũ pollinctorem habuerit.

213 1671 717 58 Quid uero ſibi uuſt illud. tt. Pro ſocio. Aut agrũ

162 1718 770 70 Pollicitatori damus. Quum dubio procul Politorile

160 1775 770 64 gendum ſit. At ita demum multa quotidie prodeũt

779 1822 147 80 in lucem,
