1546 2351
740 438 441 53 IOANNES PIERIVS.

576 491 774 83 in lucem, quæ nos errorum admoneant, in quibus Ma

578 540 770 77 iores noſtri aliquandiu ſunt hallucinati, uel Codicum

579 595 769 73 deprauatione decepti. Quare minime mirum eſt, ſi

579 650 773 70 Carthaginenſis concilij Decretum aliter nunc repe

579 703 661 74 riatur, quàm aliquot ab hinc annis creditum.

630 742 722 76 Bene habet: fundamentum habemus defenſionis

581 801 774 78 noſtræ præclare iactum. Recitata Lex eſt, quam le¬

583 846 769 84 gem nõ eſſe manifeſtißime redarguimus. Exẽpli lege

581 899 776 76 nõ ſummoueri barbas indicatum. Quod probum et

583 952 774 70 honeſtum uirum barba deceat approbatum. Vnam

587 1005 774 66 tamen adhuc rationem afferunt, ut qui modo tam ſtu

589 1054 770 74 dioſe Siculi eſſe contendebant. Romani nunc demum

589 1097 770 84 eſſe uideantur. Suſpicantur enim horum pleri bar¬

589 1150 772 84 bas ideo à Romanis Pontificibus improbatas, quod

591 1208 768 69 Græci barbis plurimum utantur. Non decet autem,

593 1257 768 73 inquiunt, Romanum ſacerdotem eorum habitũ aut

593 1304 725 75 mores imitari, qui ab Romana eccleſia deſciuere.

595 1357 774 77 Ita Barbæ reijciuntur, ne Hæretici, rebellesúe ſi¬

595 1410 772 71 mus. Ad quæ quid aliud reſpondebo, niſi Accuſatores

595 1455 772 77 noſtros, bonos forte uiros, non enim iam amplius in¬

597 1506 772 75 uidos, non amplius ruſticos, non amplius imperitos

599 1553 772 84 dicam: ſed forte plus quàm probo neceſſe ſit, ſimpli¬

599 1612 768 78 ciores eſſe, qui putent barbas, quia Romanis concilijs

599 1655 772 78 addicere noluerunt à Latinis exploſas, & Anathe¬

599 1714 772 76 matis fulmine ictas, ubi ubi eſſent, locum prophanũ,

599 1761 772 78 ac triſte bidental effeciſſe. Miror unde ad istas uene¬

1220 1808 145 86 rint opi¬
