1546 2351
209 399 627 59 DE SACERDOTVM BARBA.

137 460 764 78 rint opiniones, in quibus non dicam eos deſipere,

137 523 768 62 aut delirare, ne dementes eße: ſed hæc quàm inania

135 564 770 74 ſint ex eo manifeſtißimum eße, quod quum pleraque

137 617 770 60 aliæ Accuſatorum noſtrorum rationes riſu exceptæ

135 671 772 57 ſint, nulla maiori irriſione audita, quàm hæc à Græ¬

137 715 772 62 citate differentia. Quod ſi ita, ut aſſerunt, Græcorũ

137 762 772 62 hoc cauſa factum eſt: dicant obſecro cui nam Italorũ

137 813 772 68 hoc bono ceßerit, quid inde emolumenti Romanis

137 862 772 70 Pont, obuenerit: quum pernicioſa illa diſcordia, tan¬

137 920 772 69 torum fuerit malorum cauſa, quæ nemo queat ſine

137 963 772 65 horrore maximo reminiſci. Verum utinam, utinam

137 1012 770 71 noſtri illi maiores non ita rigidi contentioſi́ fuißẽt:

139 1073 772 61 alij in quibuſdam parui admodum momenti Ritibus

137 1114 770 77 æquo forſan pertinacius retinendis, de ritibus inquã,

137 1167 774 69 quia, quæ fidei ſunt, alterius ſunt indaginis. Alij ſan¬

137 1222 774 67 ciendis nouis, alij inueteratis, diu́, obſeruatis mori¬

137 1267 774 67 bus modo abolendis, modo immutandis. Non enim

139 1318 770 71 tanta Gentium, & Regnorum iactura facta eßet.

137 1377 774 57 Staret Græcia, ſtarent Aegei Inſulæ tot claræ, ſtaret

143 1424 768 61 Thracia, ſtaret Byzantij regnum, ſtaret Aſia uni¬

143 1479 768 64 uerſa: neque tanto quum noſtri nominis dedecore

143 1532 768 64 occupata eßent Hieroſolyma, & ut recentiora uul¬

141 1575 772 70 nera refricemus, nõ Bohemia, nõ Germania, Chriſti

144 1626 769 76 Vicariũ, at́ adeo Deũ ipſum aſpernarẽtur. Quædã

144 1686 763 79 enim in admimſtrationẽ rerũ ſæpius occurrunt:quæ,

724 1749 189 65 quum parui
