<?xml version="1.0" encoding="UTF-8"?>
<alto xmlns:xsi="http://www.w3.org/2001/XMLSchema-instance"
      xmlns="http://www.loc.gov/standards/alto/ns-v4#"
      xsi:schemaLocation="http://www.loc.gov/standards/alto/ns-v4# http://www.loc.gov/standards/alto/v4/alto-4-2.xsd">
  <Description>
    <MeasurementUnit>pixel</MeasurementUnit>
    <sourceImageInformation>
      <fileName>35_97fa2_default.jpg</fileName>
      
    </sourceImageInformation>
  </Description>
  
  <Tags>
    <OtherTag ID="BT650" LABEL="DropCapitalZone" DESCRIPTION="block type DropCapitalZone"/><OtherTag ID="BT651" LABEL="MainZone" DESCRIPTION="block type MainZone"/><OtherTag ID="BT652" LABEL="MarginTextZone" DESCRIPTION="block type MarginTextZone"/><OtherTag ID="BT653" LABEL="NumberingZone" DESCRIPTION="block type NumberingZone"/><OtherTag ID="BT654" LABEL="RunningTitleZone" DESCRIPTION="block type RunningTitleZone"/><OtherTag ID="BT655" LABEL="TitlePageZone" DESCRIPTION="block type TitlePageZone"/><OtherTag ID="BT673" LABEL="GraphicZone" DESCRIPTION="block type GraphicZone"/><OtherTag ID="BT674" LABEL="QuireMarksZone" DESCRIPTION="block type QuireMarksZone"/>
    <OtherTag ID="LT210" LABEL="DefaultLine" DESCRIPTION="line type DefaultLine"/><OtherTag ID="LT211" LABEL="DropCapitalLine" DESCRIPTION="line type DropCapitalLine"/><OtherTag ID="LT212" LABEL="InterlinearLine" DESCRIPTION="line type InterlinearLine"/><OtherTag ID="LT213" LABEL="HeadingLine" DESCRIPTION="line type HeadingLine"/>
  </Tags>
  
  <Layout>
    <Page WIDTH="1546"
          HEIGHT="2351"
          PHYSICAL_IMG_NR="31"
          ID="eSc_dummypage_">
      <PrintSpace HPOS="0"
                  VPOS="0"
                  WIDTH="1546"
                  HEIGHT="2351">
        
        <TextBlock HPOS="775.0"
                   VPOS="446.0"
                   WIDTH="467.0"
                   HEIGHT="55.0"
                   ID="eSc_textblock_b7cb5129"
                   TAGREFS="BT654">
          <Shape><Polygon POINTS="1216 446 1242 501 775 501 781 462 828 446"/></Shape>
          
          
          <TextLine ID="eSc_line_7955b982"
                    TAGREFS="LT210"
                    BASELINE="789 495 1216 483" 
                    HPOS="787"
                    VPOS="446"
                    WIDTH="429"
                    HEIGHT="57">
            <Shape><Polygon POINTS="1179 446 1159 446 1140 446 1120 446 1101 446 1081 446 1062 446 1042 446 1022 446 1003 446 997 446 809 450 807 452 787 458 789 495 789 503 1216 493 1216 483 1210 448 1199 446"/></Shape>
	    <String CONTENT="IOANNES PIERIVS"
                    HPOS="787"
                    VPOS="446"
                    WIDTH="429"
                    HEIGHT="57"></String>
          </TextLine>

          
          
          <TextLine ID="eSc_line_0ae2ec0b"
                    TAGREFS="LT210"
                    BASELINE="628 570 1395 546" 
                    HPOS="627"
                    VPOS="501"
                    WIDTH="768"
                    HEIGHT="86">
            <Shape><Polygon POINTS="1391 515 1371 513 1352 511 1332 509 1312 507 1293 505 1273 503 1261 501 1138 501 1136 501 1026 515 1009 517 999 517 948 507 946 507 944 507 918 519 885 509 883 509 881 509 879 509 877 509 864 521 819 511 817 511 766 515 764 525 744 527 724 528 705 530 685 532 666 534 646 536 627 538 628 570 628 587 1395 556 1395 546 1391 515 1391 515"/></Shape>
	    <String CONTENT="quum parui momenti ſint, facile uel concedi, uel tole"
                    HPOS="627"
                    VPOS="501"
                    WIDTH="768"
                    HEIGHT="86"></String>
          </TextLine>

          
          
          <TextLine ID="eSc_line_54014bf7"
                    TAGREFS="LT210"
                    BASELINE="630 621 1395 597" 
                    HPOS="628"
                    VPOS="558"
                    WIDTH="767"
                    HEIGHT="80">
            <Shape><Polygon POINTS="630 621 630 638 1395 607 1395 597 1391 560 1077 558 1075 558 819 575 756 568 754 568 752 568 750 568 738 577 695 570 693 570 628 581 630 621"/></Shape>
	    <String CONTENT="rari poſſunt: quæ ſi pertinacius abneges, indignatio"
                    HPOS="628"
                    VPOS="558"
                    WIDTH="767"
                    HEIGHT="80"></String>
          </TextLine>

          
          
          <TextLine ID="eSc_line_0eb8f1bc"
                    TAGREFS="LT210"
                    BASELINE="628 673 1397 648" 
                    HPOS="625"
                    VPOS="607"
                    WIDTH="772"
                    HEIGHT="74">
            <Shape><Polygon POINTS="628 673 628 681 1397 664 1397 648 1391 607 625 626 628 673"/></Shape>
	    <String CONTENT="nem apud imperitam plebeculam afferunt. Indigna¬"
                    HPOS="625"
                    VPOS="607"
                    WIDTH="772"
                    HEIGHT="74"></String>
          </TextLine>

          
          
          <TextLine ID="eSc_line_342dc19c"
                    TAGREFS="LT210"
                    BASELINE="630 722 1401 697" 
                    HPOS="628"
                    VPOS="656"
                    WIDTH="773"
                    HEIGHT="76">
            <Shape><Polygon POINTS="1156 658 1138 658 1118 658 1099 660 1085 660 1052 668 1038 670 1014 668 956 664 942 664 922 666 903 666 862 673 846 677 628 679 630 722 630 732 1399 711 1401 697 1397 658 1169 656 1156 658"/></Shape>
	    <String CONTENT="tio mox excandeſcẽtiam, excandeſcentia diuturnio¬"
                    HPOS="628"
                    VPOS="656"
                    WIDTH="773"
                    HEIGHT="76"></String>
          </TextLine>

          
          
          <TextLine ID="eSc_line_2421940f"
                    TAGREFS="LT210"
                    BASELINE="630 775 1395 750" 
                    HPOS="628"
                    VPOS="701"
                    WIDTH="767"
                    HEIGHT="82">
            <Shape><Polygon POINTS="1281 701 1257 713 1256 713 1236 703 1234 703 1228 703 1191 715 1167 705 1159 705 1159 707 1148 717 1140 717 1014 711 1013 711 1011 711 1009 711 999 720 985 711 979 713 975 713 966 722 950 715 948 715 946 715 864 726 862 726 860 726 813 717 805 719 795 719 740 730 693 720 687 722 676 722 628 734 630 775 630 783 1395 762 1395 750 1391 709 1291 701 1281 701"/></Shape>
	    <String CONTENT="rem iram. Ira truces inimicitias, &amp; funebre bellum."
                    HPOS="628"
                    VPOS="701"
                    WIDTH="767"
                    HEIGHT="82"></String>
          </TextLine>

          
          
          <TextLine ID="eSc_line_9e2844c1"
                    TAGREFS="LT210"
                    BASELINE="632 824 1401 801" 
                    HPOS="630"
                    VPOS="750"
                    WIDTH="771"
                    HEIGHT="88">
            <Shape><Polygon POINTS="1199 758 1179 758 1175 758 1142 767 1122 760 1120 760 1105 760 1075 769 1040 762 1022 764 1013 764 967 771 960 766 944 766 930 766 922 767 883 775 852 769 848 767 846 769 826 769 817 769 817 771 811 779 630 779 632 824 632 832 821 838 822 838 1401 813 1401 801 1395 750 1267 764 1207 756 1199 758"/></Shape>
	    <String CONTENT="Hoc igitur aſſequuti ſunt Maiores noſtri, quum iuſſe"
                    HPOS="630"
                    VPOS="750"
                    WIDTH="771"
                    HEIGHT="88"></String>
          </TextLine>

          
          
          <TextLine ID="eSc_line_e9b84620"
                    TAGREFS="LT210"
                    BASELINE="632 875 1406 852" 
                    HPOS="630"
                    VPOS="815"
                    WIDTH="776"
                    HEIGHT="66">
            <Shape><Polygon POINTS="1397 815 1018 815 1016 815 1014 815 989 824 775 822 773 822 630 836 632 875 632 881 1406 863 1406 852 1404 850 1397 815"/></Shape>
	    <String CONTENT="runt Latinos ſacerdotes barbam in Græcorum inui"
                    HPOS="630"
                    VPOS="815"
                    WIDTH="776"
                    HEIGHT="66"></String>
          </TextLine>

          
          
          <TextLine ID="eSc_line_c739a376"
                    TAGREFS="LT210"
                    BASELINE="632 928 1406 903" 
                    HPOS="630"
                    VPOS="854"
                    WIDTH="776"
                    HEIGHT="84">
            <Shape><Polygon POINTS="1353 854 1334 856 1330 856 1283 865 1003 865 983 865 964 865 944 867 924 867 917 867 866 879 648 875 636 875 636 877 634 877 630 881 632 928 632 938 1404 911 1406 903 1402 863 1359 854 1353 854"/></Shape>
	    <String CONTENT="diam raſitare, quo ſymbolo Romani à Græcis diſtin"
                    HPOS="630"
                    VPOS="854"
                    WIDTH="776"
                    HEIGHT="84"></String>
          </TextLine>

          
          
          <TextLine ID="eSc_line_52fb737d"
                    TAGREFS="LT210"
                    BASELINE="634 977 1408 954" 
                    HPOS="632"
                    VPOS="911"
                    WIDTH="776"
                    HEIGHT="80">
            <Shape><Polygon POINTS="1397 911 632 936 634 977 634 991 1408 965 1408 954 1404 932 1397 911"/></Shape>
	    <String CONTENT="guerentur:ut tantum illi ac tale odium in nos, ea exul"
                    HPOS="632"
                    VPOS="911"
                    WIDTH="776"
                    HEIGHT="80"></String>
          </TextLine>

          
          
          <TextLine ID="eSc_line_58ea4ccb"
                    TAGREFS="LT210"
                    BASELINE="634 1026 1408 1003" 
                    HPOS="632"
                    VPOS="956"
                    WIDTH="776"
                    HEIGHT="78">
            <Shape><Polygon POINTS="1103 963 1083 965 1077 965 1052 969 1016 975 969 973 899 969 887 971 875 971 868 977 868 979 866 977 850 971 848 971 828 971 809 973 789 973 770 973 750 975 730 975 711 975 703 975 693 985 691 987 632 987 634 1026 634 1034 1408 1020 1408 1003 1402 956 1148 971 1126 967 1112 963 1103 963"/></Shape>
	    <String CONTENT="cerati diſſenſione, conceperint, quantum eo tempore"
                    HPOS="632"
                    VPOS="956"
                    WIDTH="776"
                    HEIGHT="78"></String>
          </TextLine>

          
          
          <TextLine ID="eSc_line_b3f573c2"
                    TAGREFS="LT210"
                    BASELINE="636 1075 1408 1054" 
                    HPOS="634"
                    VPOS="1007"
                    WIDTH="774"
                    HEIGHT="80">
            <Shape><Polygon POINTS="1261 1008 1242 1008 1226 1008 1218 1008 1203 1010 1185 1010 1144 1012 773 1030 721 1024 713 1024 693 1026 681 1026 634 1034 636 1075 636 1087 1408 1063 1408 1054 1404 1014 1275 1007 1261 1008"/></Shape>
	    <String CONTENT="oſtenderunt: quum mala omnino inducti mente inter"
                    HPOS="634"
                    VPOS="1007"
                    WIDTH="774"
                    HEIGHT="80"></String>
          </TextLine>

          
          
          <TextLine ID="eSc_line_a46db73f"
                    TAGREFS="LT210"
                    BASELINE="636 1128 1408 1104" 
                    HPOS="634"
                    VPOS="1061"
                    WIDTH="774"
                    HEIGHT="81">
            <Shape><Polygon POINTS="636 1128 636 1142 1408 1118 1408 1104 1402 1061 634 1083 636 1128"/></Shape>
	    <String CONTENT="ſe dimicantes, Turcarũ potius ſocietates, &amp; fœdera"
                    HPOS="634"
                    VPOS="1061"
                    WIDTH="774"
                    HEIGHT="81"></String>
          </TextLine>

          
          
          <TextLine ID="eSc_line_2dc4c23e"
                    TAGREFS="LT210"
                    BASELINE="638 1181 1408 1157" 
                    HPOS="636"
                    VPOS="1106"
                    WIDTH="772"
                    HEIGHT="85">
            <Shape><Polygon POINTS="754 1126 746 1126 636 1138 638 1181 638 1191 1408 1169 1408 1157 1402 1106 826 1132 815 1132 768 1124 754 1126"/></Shape>
	    <String CONTENT="appetierunt, quàm auxilium nobis poſcere, aut ultrò"
                    HPOS="636"
                    VPOS="1106"
                    WIDTH="772"
                    HEIGHT="85"></String>
          </TextLine>

          
          
          <TextLine ID="eSc_line_530a7df4"
                    TAGREFS="LT210"
                    BASELINE="638 1232 1414 1206" 
                    HPOS="636"
                    VPOS="1163"
                    WIDTH="778"
                    HEIGHT="84">
            <Shape><Polygon POINTS="1244 1163 1236 1163 1228 1169 1224 1171 1197 1169 1156 1165 1146 1167 1126 1167 1107 1167 1103 1171 1099 1175 1089 1173 1071 1169 1067 1169 1048 1169 1042 1169 1036 1173 1034 1175 1028 1173 1014 1169 1009 1171 989 1171 973 1171 944 1177 926 1179 917 1177 903 1173 891 1175 875 1175 864 1179 844 1185 636 1185 638 1232 638 1247 1414 1216 1414 1206 1408 1165 1275 1169 1271 1167 1261 1163 1244 1163"/></Shape>
	    <String CONTENT="ſummiſſum admittere dignarentur. At ita commu"
                    HPOS="636"
                    VPOS="1163"
                    WIDTH="778"
                    HEIGHT="84"></String>
          </TextLine>

          
          
          <TextLine ID="eSc_line_989f7945"
                    TAGREFS="LT210"
                    BASELINE="638 1283 1412 1255" 
                    HPOS="638"
                    VPOS="1212"
                    WIDTH="774"
                    HEIGHT="81">
            <Shape><Polygon POINTS="1242 1212 1236 1212 1228 1220 1171 1214 1163 1216 1144 1216 1124 1216 1116 1224 1095 1218 1085 1218 1065 1218 1058 1218 1020 1228 1016 1228 987 1220 987 1222 967 1222 960 1222 950 1230 928 1224 911 1224 893 1224 850 1234 848 1234 844 1234 817 1226 813 1228 793 1228 773 1228 754 1230 748 1230 650 1240 640 1261 638 1283 638 1293 1410 1265 1412 1255 1406 1216 1277 1218 1259 1212 1242 1212"/></Shape>
	    <String CONTENT="nium hoſtiũ perfidia decepti, proditi funditus pe¬"
                    HPOS="638"
                    VPOS="1212"
                    WIDTH="774"
                    HEIGHT="81"></String>
          </TextLine>

          
          
          <TextLine ID="eSc_line_9058bf0f"
                    TAGREFS="LT210"
                    BASELINE="638 1334 1410 1312" 
                    HPOS="636"
                    VPOS="1261"
                    WIDTH="774"
                    HEIGHT="86">
            <Shape><Polygon POINTS="1265 1261 1220 1271 1191 1277 1177 1273 1156 1265 1154 1265 1152 1265 1109 1275 1103 1275 1101 1275 1065 1269 1048 1269 1032 1269 922 1281 887 1285 868 1283 815 1277 813 1277 793 1279 791 1279 783 1287 781 1289 636 1291 638 1334 638 1340 775 1347 777 1347 844 1336 850 1336 854 1336 911 1343 913 1343 989 1332 999 1332 1005 1332 1044 1340 1046 1340 1048 1340 1050 1340 1060 1332 1062 1330 1085 1330 1197 1336 1199 1336 1410 1322 1410 1312 1406 1265 1267 1261 1265 1261"/></Shape>
	    <String CONTENT="riere, amiſſo regno, amiſſa patria, agris, templis,"
                    HPOS="636"
                    VPOS="1261"
                    WIDTH="774"
                    HEIGHT="86"></String>
          </TextLine>

          
          
          <TextLine ID="eSc_line_7c34b75a"
                    TAGREFS="LT210"
                    BASELINE="640 1387 1412 1361" 
                    HPOS="640"
                    VPOS="1314"
                    WIDTH="772"
                    HEIGHT="82">
            <Shape><Polygon POINTS="1322 1316 1303 1316 1283 1316 1263 1318 1256 1318 1230 1324 1228 1326 1199 1326 1136 1326 1130 1320 1128 1322 1109 1322 1089 1322 1054 1330 1050 1330 1046 1330 985 1324 971 1326 952 1326 932 1326 913 1328 897 1328 775 1340 756 1340 750 1340 711 1332 697 1334 681 1334 652 1340 640 1359 640 1387 640 1396 1220 1385 1222 1385 1226 1385 1257 1375 1277 1383 1279 1383 1281 1383 1283 1383 1289 1383 1353 1371 1410 1379 1412 1361 1408 1320 1340 1314 1322 1316"/></Shape>
	    <String CONTENT="aris́ omnibus deſolatis, prophanatis, euerſis, nos́"
                    HPOS="640"
                    VPOS="1314"
                    WIDTH="772"
                    HEIGHT="82"></String>
          </TextLine>

          
          
          <TextLine ID="eSc_line_13dabc14"
                    TAGREFS="LT210"
                    BASELINE="642 1436 1412 1412" 
                    HPOS="640"
                    VPOS="1363"
                    WIDTH="772"
                    HEIGHT="78">
            <Shape><Polygon POINTS="1346 1365 1334 1365 1320 1373 1173 1369 1169 1371 1150 1371 1130 1371 1111 1373 1091 1373 1071 1373 1058 1373 1009 1383 979 1377 973 1377 954 1377 934 1379 930 1379 893 1387 860 1381 856 1381 836 1381 822 1381 807 1389 791 1383 777 1383 772 1383 764 1391 713 1385 699 1387 679 1387 674 1387 640 1394 642 1436 642 1441 1412 1424 1412 1412 1408 1373 1359 1363 1346 1365"/></Shape>
	    <String CONTENT="caſu ſuo ſtatim in diſcrimen idẽ attraxere. Quibus,"
                    HPOS="640"
                    VPOS="1363"
                    WIDTH="772"
                    HEIGHT="78"></String>
          </TextLine>

          
          
          <TextLine ID="eSc_line_b0234f65"
                    TAGREFS="LT210"
                    BASELINE="640 1488 1416 1457" 
                    HPOS="636"
                    VPOS="1414"
                    WIDTH="780"
                    HEIGHT="88">
            <Shape><Polygon POINTS="1381 1414 1361 1414 1342 1416 1336 1416 1322 1420 1312 1422 1304 1420 1285 1416 1283 1416 1263 1418 1244 1418 1234 1418 1203 1424 1185 1426 1173 1424 1152 1420 1146 1422 1126 1422 1120 1422 1118 1426 1114 1430 1103 1426 1091 1422 1087 1424 1067 1424 1056 1424 1038 1428 1013 1434 975 1430 950 1426 950 1428 930 1428 917 1428 901 1432 875 1439 852 1434 836 1430 832 1432 819 1432 807 1436 779 1443 772 1436 770 1434 768 1434 766 1434 764 1434 762 1434 750 1438 724 1445 636 1441 640 1488 640 1502 1414 1467 1416 1457 1412 1418 1393 1414 1381 1414"/></Shape>
	    <String CONTENT="ſi quod nullius erat momenti indultum eſſet, adhuc"
                    HPOS="636"
                    VPOS="1414"
                    WIDTH="780"
                    HEIGHT="88"></String>
          </TextLine>

          
          
          <TextLine ID="eSc_line_80606c80"
                    TAGREFS="LT210"
                    BASELINE="644 1534 1422 1510" 
                    HPOS="642"
                    VPOS="1467"
                    WIDTH="780"
                    HEIGHT="82">
            <Shape><Polygon POINTS="1410 1467 1210 1467 1191 1467 1171 1469 1152 1469 1132 1469 1112 1471 1093 1471 1073 1473 1054 1473 1052 1473 1009 1479 1007 1479 989 1475 975 1477 956 1477 936 1477 917 1479 897 1479 877 1481 858 1481 838 1481 819 1483 799 1483 779 1485 760 1485 758 1485 642 1490 644 1534 644 1549 1103 1530 1132 1530 1220 1535 1222 1535 1224 1535 1250 1526 1252 1526 1254 1526 1289 1534 1291 1534 1422 1518 1422 1510 1418 1483 1410 1467"/></Shape>
	    <String CONTENT="longe late́ uigeret Christianũ nomen, ne́ Tunica"
                    HPOS="642"
                    VPOS="1467"
                    WIDTH="780"
                    HEIGHT="82"></String>
          </TextLine>

          
          
          <TextLine ID="eSc_line_7f90b565"
                    TAGREFS="LT210"
                    BASELINE="644 1584 1418 1561" 
                    HPOS="642"
                    VPOS="1514"
                    WIDTH="776"
                    HEIGHT="76">
            <Shape><Polygon POINTS="1328 1514 1308 1514 1285 1524 1283 1524 1273 1524 1208 1518 1191 1518 1171 1518 1152 1520 1132 1520 1112 1520 1093 1522 1073 1522 1054 1522 1034 1522 1014 1524 995 1524 975 1524 964 1524 958 1530 956 1532 952 1530 936 1526 936 1526 918 1526 907 1532 897 1535 875 1532 852 1528 838 1530 826 1530 821 1534 813 1537 799 1534 787 1530 779 1530 770 1530 766 1534 758 1539 744 1534 736 1532 721 1532 717 1532 713 1535 703 1541 642 1537 644 1584 644 1590 1418 1573 1418 1561 1414 1522 1336 1514 1328 1514"/></Shape>
	    <String CONTENT="illa Domini inconſutilis in fruſtra tot, uti uidemus"
                    HPOS="642"
                    VPOS="1514"
                    WIDTH="776"
                    HEIGHT="76"></String>
          </TextLine>

          
          
          <TextLine ID="eSc_line_51c71c65"
                    TAGREFS="LT210"
                    BASELINE="646 1635 1422 1612" 
                    HPOS="644"
                    VPOS="1565"
                    WIDTH="778"
                    HEIGHT="76">
            <Shape><Polygon POINTS="1293 1565 1228 1577 1224 1577 1216 1577 1034 1573 1016 1575 997 1575 995 1575 644 1592 646 1635 646 1641 1422 1620 1422 1612 1418 1573 1295 1565 1293 1565"/></Shape>
	    <String CONTENT="hodie, dilaceraretur. Sed quid altarum gentium dam"
                    HPOS="644"
                    VPOS="1565"
                    WIDTH="778"
                    HEIGHT="76"></String>
          </TextLine>

          
          
          <TextLine ID="eSc_line_ebf67216"
                    TAGREFS="LT210"
                    BASELINE="646 1688 1422 1663" 
                    HPOS="644"
                    VPOS="1614"
                    WIDTH="778"
                    HEIGHT="84">
            <Shape><Polygon POINTS="1154 1622 1136 1622 1097 1628 1056 1633 1038 1630 1016 1624 1016 1626 997 1626 985 1626 858 1639 822 1641 813 1641 770 1631 762 1633 750 1633 644 1647 646 1688 646 1698 1422 1675 1422 1663 1416 1614 1228 1628 1187 1624 1161 1620 1154 1622"/></Shape>
	    <String CONTENT="na, culpásue commemoremus, quũ domi obprobria"
                    HPOS="644"
                    VPOS="1614"
                    WIDTH="778"
                    HEIGHT="84"></String>
          </TextLine>

          
          
          <TextLine ID="eSc_line_4c78cdcf"
                    TAGREFS="LT210"
                    BASELINE="648 1737 1422 1712" 
                    HPOS="646"
                    VPOS="1665"
                    WIDTH="776"
                    HEIGHT="90">
            <Shape><Polygon POINTS="1371 1665 1352 1667 1330 1667 1246 1679 1236 1679 1232 1679 1195 1671 1195 1671 1179 1671 1169 1680 1169 1682 1103 1682 1101 1682 1073 1675 1058 1677 1050 1677 1032 1684 973 1679 960 1679 944 1679 938 1688 938 1690 854 1692 809 1692 779 1684 764 1686 760 1686 754 1694 719 1686 705 1688 689 1688 646 1698 648 1737 648 1745 705 1755 707 1755 785 1741 1242 1737 1422 1722 1422 1712 1418 1673 1371 1665 1371 1665"/></Shape>
	    <String CONTENT="conſpiciantur, quæ de Barbárum odio perpetuã ſu¬"
                    HPOS="646"
                    VPOS="1665"
                    WIDTH="776"
                    HEIGHT="90"></String>
          </TextLine>

          
          
          <TextLine ID="eSc_line_57990acb"
                    TAGREFS="LT210"
                    BASELINE="654 1788 1422 1763" 
                    HPOS="652"
                    VPOS="1716"
                    WIDTH="770"
                    HEIGHT="84">
            <Shape><Polygon POINTS="654 1788 654 1800 1422 1773 1422 1763 1416 1716 1240 1729 1179 1726 1140 1724 1138 1724 1136 1724 1134 1724 1128 1727 1120 1733 1069 1731 1007 1727 1005 1727 966 1735 944 1739 899 1739 772 1735 770 1735 652 1749 654 1788"/></Shape>
	    <String CONTENT="premo ſacerdotum ordini ignominiam peperere. Eò"
                    HPOS="652"
                    VPOS="1716"
                    WIDTH="770"
                    HEIGHT="84"></String>
          </TextLine>

          
          
          <TextLine ID="eSc_line_8e097ed3"
                    TAGREFS="LT210"
                    BASELINE="663 1837 1422 1814" 
                    HPOS="660"
                    VPOS="1769"
                    WIDTH="760"
                    HEIGHT="90">
            <Shape><Polygon POINTS="662 1835 662 1855 848 1859 850 1859 905 1847 918 1845 926 1847 952 1855 954 1855 956 1855 1093 1841 1120 1839 1122 1841 1136 1849 1138 1849 1140 1849 1142 1849 1144 1849 1146 1849 1158 1839 1159 1839 1161 1839 1228 1847 1230 1847 1418 1829 1420 1812 1414 1769 1224 1780 1169 1778 1103 1775 1101 1775 1060 1782 1036 1786 1005 1784 940 1780 938 1780 936 1780 915 1788 909 1790 899 1788 860 1782 858 1782 856 1782 854 1782 854 1784 846 1792 844 1792 838 1792 787 1784 785 1784 660 1798 662 1835"/></Shape>
	    <String CONTENT="enim aliquando noſtrorum deliciæ proceſſerunt: ut"
                    HPOS="660"
                    VPOS="1769"
                    WIDTH="760"
                    HEIGHT="90"></String>
          </TextLine>

          
          
          <TextLine ID="eSc_line_4f181ecb"
                    TAGREFS="LT210"
                    BASELINE="1338 1867 1422 1863" 
                    HPOS="1332"
                    VPOS="1820"
                    WIDTH="88"
                    HEIGHT="80">
            <Shape><Polygon POINTS="1336 1886 1420 1900 1420 1861 1414 1820 1332 1820 1336 1865"/></Shape>
	    <String CONTENT="huius"
                    HPOS="1332"
                    VPOS="1820"
                    WIDTH="88"
                    HEIGHT="80"></String>
          </TextLine>

          
        </TextBlock>
        
        <TextBlock HPOS="625.0"
                   VPOS="511.0"
                   WIDTH="802.0"
                   HEIGHT="1335.0"
                   ID="eSc_textblock_00d37afd"
                   TAGREFS="BT651">
          <Shape><Polygon POINTS="1404 517 1427 1828 1302 1828 1302 1836 807 1836 807 1846 648 1839 625 540 772 525 774 511 1344 511"/></Shape>
          
        </TextBlock>
        
        <TextBlock HPOS="1330"
                   VPOS="1836"
                   WIDTH="98"
                   HEIGHT="35"
                   ID="eSc_textblock_01748ad9"
                   TAGREFS="BT674">
          <Shape><Polygon POINTS="1427 1836 1428 1871 1330 1867 1330 1836"/></Shape>
          
        </TextBlock>
        

        
      </PrintSpace>
    </Page>
  </Layout>
</alto>
