1546 2351
233 417 613 61 DE BARBA SACERDOTVM

158 474 772 88 huius raſitationis ergo confuſa quodãmodo ſpecie,

158 528 774 87 difficulter Vir à fœmina internoſceretur. Hinc acci¬

158 585 776 77 dit, ut mulier, ſi uera eſt, quæ per Ro.omnium ora fa

160 630 774 77 bula circumfertur, in ſempiternum Sacroſancti or¬

158 687 774 71 dinis obprobrium, ad ſoli Pontificiſ maieſtatem eue¬

156 726 776 79 heretur: cuius facti memoriã Romani locum adhuc

158 785 778 73 intento digito indicant, ubi ſumma illa Sacerdos, Pon

158 834 774 71 tificalem induta trabeam, enixa pepererit. Quod ne

156 883 776 71 rurſum accidere poßit, inde inſtitutum plerique om¬

158 934 776 78 nes credunt in noui Pontificis ingreſſu eam Maiorũ

156 985 778 74 noſtrorum imprudentiam publicare. In totius enim

156 1030 772 88 populi conſpectu, pro diui loannis ſuggeſtu, qui latiſ

154 1085 778 76 ſimam, & eo ſolenni ſacro omnium nationum Gen¬

154 1134 782 82 tibus confertißimam arcam deſpectat, cogitur nouus

154 1189 772 72 Pontifex uirilitatem locupletißimis testibus appro¬

152 1232 780 88 bare. Res́ ipſa ſacri præconis uoce palàm promul

154 1285 778 76 gata, in acta mox refertur, legitimum́, tunc demum

154 1336 780 74 Pontificem habere nos arbitramur: quũ habere illũ

154 1385 780 84 quod habere decet, occulata fide fuerit atteſtatũ. Ista

154 1439 778 81 inquam ſunt, quæ de mollicie, & effœminatis mori¬

154 1492 780 79 bus eueniunt, quum nullum contra obprobrium, nul

154 1541 780 79 lum unquàm dedecus ex barba proceßiſſe deprehen

156 1590 774 90 datur. Quod ſi ſacerdotum mores corrigendi ſint,

156 1647 778 80 aut modo aliquo cohibendi, rectum eſt cauere, ne qui

156 1702 770 76 tãta ſunt dignitate honeſtati, ut Deo uero, ſummo́

158 1749 772 94 miniſtri aßiſtant, uilibus dedecorentur: aut artibus,

791 1823 28 61 C
