1546 2351
768 438 437 57 IOANNES PIERIVS.

605 499 770 80 aut officijs, Cauponariam non exerceant, nauticam

607 550 764 78 nõ attingant, cum ſica, aut armis alijs non prodeãt,

607 603 772 78 uirgatis non utantur ſagulis, aut ueſte quapiam ua¬

609 650 768 82 riegata, uel nimium breui, omnia illa denique ſum¬

611 703 768 72 moueant, quæ uel leuitatem, uel ineptias, uel impuri¬

611 746 766 78 tatem arguunt. Quarum quidẽ rerum curam ſi Ac¬

611 803 768 82 cuſatores noſtri ſuſcepiſſent, ne illi ab omnibus ſum¬

613 858 766 74 mopere commendarentur. Sed dum barbam præci¬

613 897 764 86 pue ſtudent amouere, quæ plurimũ dignitatis affert:

611 956 774 76 non modo laudem non promeruerunt, uerumetiam

613 1003 770 82 ignominiæ, moroſitatis, ſuperstitionis́ notam in ſe

611 1052 770 78 contraxere. Quod quidem à me nõ ideo ullo dicitur,

611 1103 774 84 ſed, quia moleſte fero ingenia quædã, alioqui magna

611 1155 774 81 & elegantia, doctrina etiam, & uitæ probitate, ne

613 1206 772 81 ſua quenquam laude fraudem, excellentia, ab inſipi¬

613 1255 776 77 entibus neſcio quibus ſub quadam bonitatis ſpecie de

613 1308 776 81 cepta, tanta contentione, pertinacia́ in tam leues,

615 1359 770 77 ne dicam ineptas, tam́ importunas nugas incidere:

615 1402 780 86 quum multa longe maioris momenti procuranda

615 1457 778 82 ſint, ſtudium lucubrationes́ ſuas omnes in inſectan

619 1502 776 84 dis barbis exercere: quæ nulli hominum ne Deorũ

619 1555 776 90 iniuriam faciunt. Ne enim eſt, ut nouis quorun¬

619 1606 768 84 dam Præſulum prouincialium legibus ſeſe tueri ag¬

623 1663 776 78 grediantur. Quæ ſi quauis etiam mortalium firmitate

621 1708 778 90 corroboratæ eſſent. Etiam ſi ſummi alicuius Pontifi

625 1759 774 98 cis conſenſus acceßißet, ueriore tamen ad inuenta ra

1281 1810 108 90 tione,
