1546 2351
231 431 615 68 DE BARBA SACERDOTVM.

150 493 778 73 tione, quotidie poſſunt abrogari, corrigi, cõmutari.

156 548 766 71 Leges enim, decreta́, & inſtitutiones pro re nata,

156 601 770 63 quotidie ſummus Pontifex, & prout rerum uſus ex¬

156 640 770 75 petit, ſuadetúe temporum uarietas, de fratrum con¬

152 689 776 71 ſilio, uel de plenitudine poteſtatis corrigit, tollit, con

158 744 766 71 dit, ſancit, & quæ illis, uel uni ipſi Principi placuere,

158 795 770 61 ea pro lege habẽtur. Summi uero Legumlatoris præ

156 842 772 74 cepto ſanctißime cautum eſt, Vt lex quæ nouißima

158 889 770 72 priorem aboleat. Sed quamnam de geſtanda bar¬

158 940 770 68 ba manifeſtiorem, ſanctioremúe legem quæritemus:

158 989 770 76 quam eam ipſam, quàm nobis exemplo ſuo, hoc eodẽ

160 1040 770 76 tempore Iulius ſecundus, & Clemens ſeptimuis Ma¬

156 1095 774 76 ximi pontifices exhibuere. Placuit enim Iulio aliquan

156 1148 772 66 diu geſtare barbam: placet etiamnum Clementi: pla¬

148 1197 780 78 cet Cardinalium Collegio ſacroſancto: placet præſu¬

156 1240 774 80 libus alijs, placet maioribus, at minoribus Sacerdo

152 1293 780 78 tibus. Et nos alia Concilia, quæ tamen nulla ſunt, mo

156 1349 774 69 rabimur? aut leges infirmas, uel iã antiquatas reno¬

154 1396 776 67 uare meditabimur? Quũ hæc uiua lex hodie paßim

160 1447 768 75 uigeat, & paßim obſeruetur, & pro lata compro¬

160 1490 760 93 bata́ locorum ubique iam in uſum deducta ſit, &

160 1545 339 69 plauſibiliter adamata.

213 1604 719 73 Apud Venetos, apud Picentes, Brutios, Calabros,

164 1647 762 77 Siculos. Apud Campanos, Romanos, Etruſcos́, &

164 1702 768 78 alios pleroſque Italiæ populos: ut quæq ciuitas ſan¬

162 1747 772 96 ctioribus, honestioribuſque legibus, & moribus

719 1829 117 63 C 2
