1546 2351
225 431 621 52 DE BARBA SACERDOTVM.

195 501 725 65 Quod ſi Legi uni, qualis qualis ea ſit, corruptæ

148 544 769 75 quippe, infirmæ, at uacillanti inſiſtendum curaue¬

144 601 776 63 ritis: nónne uidetis grauißimas eorum contra uos

144 648 771 69 ſtare ſententias, quibus Legum interpretandarum,

146 693 772 69 condendarum́ ſumma autoritas. Nam qui ſenten¬

146 742 774 74 tijs ſuis uniuerſo terrarum orbi iura dicũt, quam de

144 793 774 61 ſacerdotum barbis pertulerint legem, cõſpectu ipſo

146 840 774 72 longe manifeſtius indicant, quàm ſi tabulas ex ære

146 887 771 76 præfixiſſent. Sed facite crimen hoc eſſe. Facite, tam¬

146 944 765 70 etſi non liquet, Alexandri III. eam fuiſſe mentem,

146 987 774 74 quam impreßi Codices inuulgarunt. Facite deteſta¬

146 1038 772 84 bile ſcelus exiſtimari. Intereſſe ſacris non liceat bar¬

146 1091 772 72 bato Sacerdoti, non tueri lucem, nõ in hominum cœtu

146 1151 771 65 conſpici. At etiam, uti cenſetis, deportandus ſit, aut

146 1202 771 63 in perpetuis carcerum tenebris detinendus. Age

148 1246 769 66 age, incipiant Oratores ueſtri reos agere, de ſumma

146 1296 772 71 rei tandem experiri, ad Iudicum tribunalia nos om¬

148 1351 769 69 nes accuſare, Bona nostra proſcriptionibus desti¬

150 1400 768 77 nare, & quæcun in rebelles, & perduelliones fieri

150 1449 763 71 ſolent, omnia meditentur. Verũ ubi, ubi Iudices erũt,

150 1498 770 77 apud quos cauſam agante? qui crimen agnoſcant? qui

152 1549 766 75 nos condemnent? Volo grauißimos, uolo ſanctißimos

152 1600 766 82 adeant: at eos quidem, quorum ſententijs, at arbi

154 1653 764 76 trijs non plebs tantum uniuerſa, populus́ omnis, ue

156 1702 764 78 rum & Senatus, & potẽtißimi qui́ Principes ſtare

156 1755 766 80 compelluntur. Eſt hoc Duodecimuirale iudicium

738 1812 77 80 C 3
