1546 2351
777 454 443 69 IOANNES PIERIVS.

621 505 770 84 ſub Rotæ nomine in Pontificio palatio iudicandis li¬

621 554 772 82 tibus conſtitutum. Cuiuſmodi olim, florentibus Græ¬

623 605 770 80 ciæ rebus, Amphictyones erant, qui de iure uniuerſis

625 664 768 74 gentibus reſpondebant. Ita & noſtri omnibus totius

625 709 774 74 terrarum orbis nationibus ad eos confluẽtibus iura

627 758 774 80 dicunt, ne cuiquam amplius licet ab eorum ſenten¬

628 815 771 76 tijs prouocare. Tanta autem hijs autoritas Pontifi¬

628 869 769 69 cum, Regum́ omnium conſenſione attributa, ut,

630 914 769 73 etiam ſi leges contrà manifeße reluctentur, horum ta

632 965 774 75 men ſtetur interpretationi. Hos inquam Iudices adire

632 1016 770 69 neceſſe eſt, ut de ſumma rei peragatur. Ecce igitur

636 1065 770 69 nos minime contumaces, minime uel fugitiuos, uel e¬

636 1116 770 75 manſores. Sponte adſiſtimus Iudicio. Nihil opus est,

636 1161 774 85 ſitis de uinculis inijciendis ſolliciti. Incipite iam Iudi

638 1212 774 79 ces appellare. Ecce uobis uniuerſum collegium, in

640 1271 768 71 quod nemo unus cooptatur, qui non & probatißimæ

642 1312 768 79 uitæ ſit, & iuris conſultißimus. Quid moramini? quid

642 1367 772 78 alter alterum inſpicitis? quid hæſitatis? quid etiam ru

644 1414 768 78 bore confundimini? An quid demum dicere debeatis

644 1465 772 76 ambigitis? Vbi nunc ueſtræ Accuſationis initium il¬

646 1518 768 70 lud. Nouum crimen, & ante hæc ſecula inauditum?

650 1569 766 78 Nimirum ueſtram demũ imprudentiam, & quæ in¬

648 1612 768 78 dumeta correpſeritis, iamdudum agnoſcitis, qui ne

652 1663 770 78 Iudices quidem inuenturi eſtis, qui non ante contra

652 1716 764 80 uos ſententiam ferant, quàm effari incipiatis, niſi ue

652 1767 770 90 litis ijdẽ eſſe, & accuſatores, & iudices. Videtis enim

1271 1816 153 68 ſi contra
