1546 2351
237 423 619 53 DE SACERDOTVM BARBA.

164 479 772 67 leges, aut bonos mores quidquàm hac de cauſa facere

164 538 770 63 ſuſpicãtur. Sunt & alij grauißimi ſapientißimi́ uiri,

166 585 770 73 qui Diuinæ adſcripti militiæ Sacerdotiũ profitentur,

166 636 770 73 quorum optimus quiſ barbatus identidẽ reperitur.

168 687 772 59 In omnibus demum Theologorum ſcholis cõcionato

168 730 772 65 res intuemur: qui pietatis noſtræ iura aduerſus im¬

168 785 774 65 pios defendunt: qui bonos mores docent: qui à uitijs

168 834 772 61 mortale genus abſterrent: qui quæ fugienda, quæque

168 883 774 61 ſequenda ſunt, omnia commonſtrant: quorum quidẽ

168 934 776 71 ingentes, uenerabiles́ barbas cum aſpcimus, totidẽ

170 979 772 71 Sanctorum hominũ facies uidemur admirari. Et au¬

170 1028 776 73 debit quiſpiam leges potius alias, quàm horum om¬

170 1085 776 66 nium exempla pro legibus citare. Quum manifeſtũ

168 1136 780 64 ſit hos nihil quidquàm tale facturos, niſi hoc piæ reli

172 1195 770 54 gionis ſimulacrum exiſtimarent: aut uiri honeſti mo

172 1238 774 68 res imitari ſe arbitrarentur. Faceſſant igitur Ac¬

174 1287 774 64 cuſatores noſtri, faceſſant, id́ demum crimen ſuſpi

174 1345 776 57 cari deſinant : quod proborũ, ut palàm eſt, omnium

176 1396 772 61 ſententia intra laudatorum morum terminos conti¬

178 1447 770 61 netur. Qui́ legem nuper contra barbas latam aſſe

178 1492 768 73 uerabant, Legem eam primo non eſſe, inde, ſi foret,

180 1541 772 71 Iulij, Clementis́ ſummorũ Pontificum exemplis illi

182 1598 772 61 ſatis ſuper́ abrogatum intelligant. Quod ſi quis

184 1645 770 69 fieri potuiſſe pertinacius abneget, omnes condenda¬

186 1700 768 65 rum legum rationes identidem abnegabit. Nullã Po¬

188 1749 766 76 pulo ſciendi copiam relictam, nullam Magiſtratibus

766 1804 104 61 C 5
