1546 2351
235 415 615 61 DE BARBA SACERDOTVM.

215 479 717 65 Nimirũ homine eo nihil quidquàm iniuſtius, qui

168 532 768 71 nihil niſi quod facit ipſe, rectum putat. Sed quorſum

168 585 764 59 hic omnis accuſatorum noſtrorum conatus? Quor¬

164 636 772 61 ſum barbatos à ſacris, à templis, ab hominũ conſor¬

168 693 770 49 tio ſummouẽt, exterminant́? Quorſum tam multa

166 738 768 57 turbant? niſi ut è cœlo Ioannem Præcurſorem:è Di¬

170 781 770 63 uorum numero Iacobum apoſtolum, cognomento Iu

168 830 774 65 ſtum:è beatorum ſedibus Hieronymum eijciant. Tot

170 885 772 59 uero alios, quos uita piè, caſte́, & integre peracta

168 932 772 55 cœlo intulit, unà cum his, dicta eis Poſtliminio die,

168 977 772 73 reos agant. Siquidem hos, ut cõtumaces, ut rebelles,

170 1032 770 61 ut bonorum omnium morum corruptores, criminan

170 1087 768 63 tur. Quid enim aliud eſt ex horum interpretatione

172 1140 764 57 barbatum eſſe, niſi contumacem, & impium eſſe:

172 1185 768 59 contumax enim eſt, qui non uiuit ex lege, impius qui

176 1244 770 51 repellitur à ſacris. O miſerum igitur & infelicem

174 1285 768 60 Ioannem, qui fruſtrà Prophetarum uaticinationibus

172 1340 774 60 præmonſtratus, omnium maximus futurus erat: qui

174 1383 774 68 fruſtra genium fraudauit, uitámque ſibi delegit du¬

178 1439 766 57 ram & laborioſam, ſi nunc tantæ ſanctimoniæ uir

178 1492 758 57 imprecationibus impetitus perduellio decernitur,

182 1547 766 59 qui reliquorum molliciei, atque improbitati ſeſe de¬

178 1592 770 65 dere recuſarit. O male feriatum Iacobum, qui ui¬

180 1639 768 61 tam ſemper egit integram, puram, intaminatam, con

182 1690 768 61 tinentia, moderatione́ ſumma cõmendabilẽ: ſi nunc

184 1745 764 80 cade cauſareus efficitur, quia tonſores, et balinea, et

787 1802 163 67 unguenta,
