1546 2351
752 454 427 57 IOANNES PIERIVS

583 513 765 78 unguenta, delicias́ id genus omnes, cane peius &

585 554 768 78 angue declinarit. O calamitoſum Hieronymum, cui

587 603 766 82 nunc ob barbati cognomẽtum dies dicitur. Quid illi

589 654 766 88 profuit Romanas omnes delicias, ut integerrimam ui

589 705 770 82 tam ageret, euitaſſe: corpus in Aegypti ſolutidinibus

593 762 768 78 maceraſſe:ieiunijs, uigilijs, lucubrationibus cõtinuis

591 813 770 72 uoluptatum omniũ illecebras edomuiſſe: mortale ge¬

593 862 770 78 nus omni ſcriptorum genere inſtituiſſe: ſi nũc non

595 918 768 69 aliam ob culpam, niſi quia uirum exhibere uoluerit,

595 959 770 75 cauſam è uinculis dicere cõpelletur? Quis enim dubi

597 1010 770 77 tet, ſi, qui nũc barbam nutriunt damnati fuerint, hos

597 1055 770 87 quo́, & alios huius habitus autores, eadem de cauſa

597 1106 772 83 ab accuſatoribus noſtris in diſcrimen idem euocari?

597 1159 772 77 Hos autem ſi perconteris, quàm nam affectatæ huius

601 1212 768 75 munditiæ cauſam afferant: dubio procul reſponde¬

597 1265 770 78 bunt, ne Sacroſancto Chriſti ſanguine intinguantur

601 1322 772 72 pili. Clamare enim non deſinunt, Sacro huic reueren

601 1367 768 82 tiam undecun praeſtandã. Sed quid obſtat obſecro,

601 1416 772 72 quo minus tanto illi myſterio reuerentia præſtetur, ſi

603 1467 768 74 homo Sacrificulus, Mas potius, quàm fœmina, ut A¬

605 1520 768 74 lexis diceret, uideatur. Ille enim nullũ ineſſe pilis cri¬

609 1573 768 76 men, quod Deos offendat, ait, quorum quidem offi¬

609 1616 770 76 cium eſt, ut per eos unuſquiſque noſtrum ſe uirum

611 1667 764 82 ostẽdet eſſe. An uero pili tam prophani, tam ſordidi,

611 1724 766 70 tam deteſtabiles ſunt, ut Sacrum id attingere non me

611 1769 770 90 reantur. Cæterum ungues, digiti etiam interdum ſca

1263 1823 122 73 bie pu¬
