1546 2351
229 431 623 64 DE BARBA SACERDOTVM.

154 493 772 75 bie putridi, uola, frons, cilia, cutis totius corporis re¬

154 544 772 77 liqua ſacrum non inhoneſte tangere poterunt. Sola

154 591 774 82 barba Deo, ut isti putant, inuiſa ab huiuſmodi procul

154 642 770 80 ſacro ſummouenda: Atqui nõ hoc ijdem ipſi faciũt,

154 703 774 61 qui talia tam ſanctè præcipiunt facienda. Quẽ enim

156 748 770 61 horum inuenias tanta ſanctimonia, ne dicam ſimula¬

156 795 772 67 tione, præditum, ut ſacerdotum Aegyptiorum in mo

156 850 774 62 rem quotidie raſitet? At niſi barbam uel quotidie ra

156 901 772 58 ſerit, uel à cute radicitus ſemel extraxerit, actum eſt.

156 948 772 72 Altero mox die ſacrificaturus pilis ſacrum contami¬

156 1007 774 56 nabit, at in eodem erit crimine, cuius barbatos inſi

154 1054 776 66 mulabant. Non ea, inquient, immundicies eſt diurni,

154 1108 776 67 uel hebdomadarij pili, quæ menſtrui, quæ annui, quæ

154 1153 774 67 ſeculi alicuius. Ac ſi dicerent. Nihil quidquàm peccat

156 1212 774 57 is, qui Hebdomadarium, menſtruumúe uitulum ieiu¬

154 1259 774 59 nij tempore menſis apponit, ſed qui grandiorem bo¬

154 1312 772 63 uem epulatur. Ita prudentißimi accuſatores noſtri

154 1359 774 69 dicunt. Qui diurno, uel hebdomadario pilo Sacrum

156 1414 770 67 contigerit, nequaquam peccat, ſed qui menstruo uel

156 1463 766 67 annuo prophanus eſt. Quæ quidem ſententia &

156 1516 772 68 futilis eſt, & commenticia, neque ſatis digna, ut in ea

158 1569 770 61 confutanda uel minimũ immoremur. Sed enim ma¬

160 1618 768 62 xime uereor, ne ſacrum hoc iſti aliter, quàm accipien

160 1663 770 70 dum eſt, accipiant, utpote qui putant id poſſe ex Acci

162 1718 766 57 dentiũ contactu contaminari, polluíe, aut propha¬

164 1765 770 84 nari. Diuina illa res eſt, ab omni humani corporis

809 1818 119 80 iniuria
