1546 2351
762 454 433 59 IOANNES PIERIVS

599 503 774 82 iniuria tuta, ac longe, longe́ remota. Cuius arca¬

603 554 770 88 num mente cogitatione́ percipitur, non ſenſu tan¬

609 601 760 88 gitur, & attrectatur. Neque illi quicquàm aliud of¬

607 652 772 90 fenſionem afferre potest, quàm impurus animus, qui

609 713 770 76 ſcelere non eluto aſſumere illud audeat. Reliqua, ut¬

613 762 768 74 pote pili, ulceroſum, tabidumúe os, etiamſi animam

613 803 770 86 uenenoſo peſtilẽti́ halitu fœtidam exhalet, ad Deũ

607 858 776 80 nihil. Sed iam pueriles horum fabulas, uix́ Ani¬

607 905 776 90 cularum commentatione dignas, omittamus: & quod

615 954 770 92 graue, quod optimum, præstantißimum́ inſtitutũ

611 1005 776 86 eſt, barbas, qui uiri ſumus, diligentißime cuſtodia¬

615 1059 772 85 mus: quum nihil omnino ſit, quod barbam faciat abo

615 1108 772 85 minabilem. Contrà uero luculentia, raſilitasúe, ut

619 1161 768 85 ita dicam, ſiue arte, ſiue natura cuiquam contigerit,

617 1210 772 90 aut uitium, aut improbitatem, aut aliquid, quod non

619 1267 766 78 ita laudes omnino præ ſe ferat. At non decet, inquiũt,

617 1316 774 84 ut demum aliquid dicant, Sacerdotem animi triſtitiã,

611 1367 782 80 mœrorem, aut luctũ habitu profiteri. En acres Chri¬

617 1414 776 86 stianæ pietatis uindices. En hominem, qui ſe aliorum

621 1461 770 88 cenſores exhibent, grauitatem, at ſeueritatem. Nõ

621 1518 772 78 decet, inquiunt, ſacerdotem uirum quicquàm præ

625 1561 774 90 ſe ferre, quod non hilare ſit, & ridibundum, quod

623 1616 774 86 non feſtiuum, & ſcœnicum, ne obſcœnum dicam.

625 1667 770 74 Sed faciamus hoc perſuaſum. Fuerit barba triſtitiæ,

625 1720 776 74 luctus́, & afflicti animi ſignum. Mœrendũ Sacer¬

627 1767 772 90 dotibus non eſſe, neque ullam cordis exulcerationem

1281 1816 121 80 Epicu¬
