1546 2351
256 431 625 62 DE SACERDOTVM BARBA.

182 489 766 79 Epicureorum in morem admittendam dicitis. O ſa¬

182 542 764 77 xeum pectus, O stuporem incomparabilem, O inau¬

182 593 760 77 ditam animorum diritatem. Non eſt mœrendum,

180 634 764 86 hoc præſertim tempore, Sacerdotibus, quum nemo

180 683 762 88 unus hodie ſit, qui ridere poßit. In omni re chara,

180 740 766 71 ubi perdita fuerit, dolere natura cogimur: ne ma¬

178 783 768 77 trem quiſpiam, niſi mentis inops, in funere nati flere

178 834 768 78 uetat. Et aulæ Romanæ Critici delicatuli in noſtriſ¬

176 877 768 86 met funeribus. In Italiæ totius euerſione. In Romanæ

176 924 770 94 urbis excidio, fœdáque direptione. In totius Chri¬

174 981 768 80 ſtiani nominis multiplici uexatione. In maximo un¬

176 1034 766 82 dique imminentium periculorum metu. In uniuerſi

176 1087 737 76 demum orbis confuſione nos mœrere prohibeant.

223 1136 721 86 Iacet quantacunque eſt Italia in exuſtionis ſuæ ci

170 1183 772 82 neribus, neque pars ulla magis his abſumpta flam¬

168 1240 774 82 mis, quàm omnes Sacerdotij ordines. Sub cineribus

168 1287 770 80 autem prunæ uigent ardentißimæ, quo paulò poſt

168 1340 772 80 uidentur incendia longe maiora præteritis ſuſcita¬

168 1387 764 88 turæ. Neque formidinem hanc licebit, ſi non tanta,

168 1441 770 79 quanta par eſſet, uoce poſſumus, habitu ſaltem at¬

166 1485 774 92 teſtari:ut tanquàm depoſiti ſquallore hoc, & miſe¬

166 1535 772 89 rabili fortunæ noſtræ facie opem ab omnibus implo¬

166 1641 772 77 portunitatem. Nos à tot Christiani nominis Prin¬

168 1688 768 92 cipibus deſerti, habitique indignißime ſumus, quo¬

168 1743 766 100 rum conſilio permiſſu́ in tam calamitoſam obiecti

781 1814 147 76 prædam

172 1588 758 83 remus. At spectate obsecro hominum im¬
