1545 2351
780 431 429 56 IOANNES PIERIVS

617 487 777 67 nobis conſultũ existimabũt, ſi qua parte uirũ oſten¬

617 544 784 63 dimus, noſmet effœminauerimus. Hos ego nimirũ ua

613 597 784 59 lere iuſſerim, & ab honeſtorum conſortio ſummo¬

615 642 782 63 tos ablegandos aliquò, ubi poſthac ignoti deliteſcãt:

617 705 780 49 & ſua, quam tanti faciunt, ignauia perfruantur. Ni¬

613 752 784 53 hil nos in eos grauius decernamus, neque enim illis

613 797 784 61 quietem ſuam inuidemus, neque illos odimus: quod

609 844 788 72 ſibi adeo delicati ſint, dũmodo bene, grauiter́ insti

611 897 783 62 tutos mortalium mores labefacere non audeant, ne

611 950 786 62 poßint. Sed quid ego plura contra raſitationis mol¬

615 999 779 56 liciem uobis dißeram: ſi ex antiquorũ institutis ſan¬

611 1048 781 56 ctißimis præceptis ratio uobis allata eſt, quur bar¬

609 1095 785 66 bam omnino promittere debeamus: ut Chriſti ſcili¬

607 1146 787 66 cet, & eius diſcipulcrum, tot́ aliorum integerri¬

607 1202 787 61 mæ uitæ Patrum exempla nobis ſequenda propona¬

607 1249 787 61 mus: opprobria, & ignominioſos euentus, molliciei

607 1304 785 67 ſuſpicionem, & calumnias euitemus. Viri deni po¬

605 1359 785 55 tius quàm fœminæ uideamur. Nam quid Barbæ de¬

605 1404 785 63 mum nos pudeat. Si, quid barba ſit, & ut grauem, ho

603 1459 787 61 nestum́ uirum deceat oſtenſum. Si, quantum ad Sa

599 1504 787 63 cerdotis dignitatem exiſtimationem́ faciat explo¬

601 1557 783 55 ratum. Si lege naturæ neceſſariam, Legeſcripta, Deo

603 1616 781 53 gratam, Lege gratiæ, nuſquàm improbatam reperi¬

599 1663 783 57 mus. Si redargutus eſt aliter ſentient ium error: ſi de

599 1704 783 80 polluendo ſacro ambiguitas ſublata, nec eam quid¬

1268 1757 106 72 quàm
