1546 2351
286 438 615 71 DE SACERDOTVM BARBA.

207 501 762 76 quàm officere arcani myſterij noſtri reuerentiæ com

205 558 764 70 probatum. Si ſummi noſtræ pietatis principes legem

205 599 762 80 hanc de non abradendo aliquandiu destitutam, no¬

203 648 764 86 bis exemplo ſuo ſequendam propoſuere. Si ſubſecu¬

201 699 759 88 tus eſt non tacitus, non obſcurus, ſed uulgatißimus,

201 752 759 80 apertißimus totius ſenatus, populorũ, nationum́

199 807 765 72 penè omnium conſenſus: qui paßim in eadem perſta¬

199 848 765 74 re ſententia conſpiciuntur. Quur obſecro nõ rationi

199 893 757 90 potius, quàm abuſui, non exemplis laudatorum, &

197 942 765 90 illuſtrium hominum potius, quàm ſuperſtitioſorum

195 1003 765 78 quorundam opinionibus adhæreamus? Quod ſi mihi

195 1050 763 90 dicundæ ſententiæ concedatur locus, cenſuerim ego

197 1101 763 82 Votum perpetuum nuncupandum, ne quiſpiam in

190 1151 768 85 poſterum Sacris initiatus barbam tollat, ſanctißimo

190 1204 768 77 rum Patrum more, qui gratißimum hoc Deo donum

188 1251 768 85 intelligentes, ita uouebant, quum ſe illi maxime con¬

184 1302 772 79 ciliare procurabãt. Quippe, ne Deum rurſus aduer

184 1349 766 89 ſus nos concitemus, quem ob huiuſmodi delicias, &,

182 1410 772 71 quæ hinc reſultant, effœminationes, ob luxum hoc ge

184 1459 772 75 nus, & molliciẽ, ob huiuſmodi cutis curationes, uſtu

182 1502 772 92 lationes, abraſus, uolſiones́ indignatum: atrocißi¬

182 1561 770 82 mas eas in urbẽ Romã, quas adhuc ꝑpetimur, calami

182 1612 772 74 tates immiſiſſe, facile credendũ. Ideo iußiße bona diri

182 1655 764 88 pi, ſumptioſiores ædes uel euerti, uel incẽdi, multa́

175 1710 765 98 nimis laſciuientiũ animorũ oblectamẽta ſubmoueri.

813 1776 133 69 Verum,

746 1845 98 59 D 2
