1545 2351
658 470 659 58 IO. PIERIVS DE SAC. BARBA.

603 525 761 74 Verum, ubi nos ad meliorẽ mentẽ redijſſe conſpexit,

603 581 765 73 & unumquemque noſtrum & uirũ ſe eſſe, & ſacris

603 632 769 71 initiatum meminiſſe, caſtigato́ luxu, delicijs con¬

603 679 771 81 temptis, mollicie procul ablegata, barba demum, quã

603 740 767 67 paßim omnes promittere cœpimus: uirilis, & con¬

603 781 771 81 ſtantis animi propoſitum teſtatos, mitigatum, dura

603 830 773 71 illa, & acerba incommoda in mitia, at mollia uer¬

603 881 775 73 tere cœpiſſe: & tandem aliquam diuturnis cladibus

603 934 775 78 finem polliceri. Quod ſi priora illa repetere cogi¬

603 985 775 70 tauerimus, maxime uereor, ne atrocius, & implaca

603 1038 777 65 bilius ille mox indignatus nobis ita ſuccenſeat, ut nul

603 1083 771 76 lus amplius futurus ſit inde precibus locus, auerſis́

603 1136 777 68 à nobis luminibus, ſit omnes calamitatum habenas re

603 1183 775 70 miſſurus. At ita qd’ipſe idem auertat, uniuerſus hic

607 1232 769 72 concitati ad credulitatem Orbis totius furor in ex¬

609 1283 769 78 tremum ordinis noſtri exitium conuertatur. Ac de¬

679 1340 628 74 mum funditus, tam noſtrorum impietate,

776 1391 431 78 quàm alienigenarum imma¬

841 1439 304 79 nitate, truculentia́

911 1496 167 63 deleamur.

1250 1553 134 55 Ioannes
