1546 2351
184.0 436.0 758.0 139.0 IOANNIS SA

235 572 670 38 PIDI SYLVA AD PAVLVM

307.0 599.0 517.0 63.0 Volſiũ, Curiæ Hugonianæ Abbatẽ.

188 687 259 288 H

462 681 478 61 Actenus adſtrictas non ulla lege

509 726 131 55 tabellas

462 766 486 70 Miſi Paule tibi, iamdudum for¬

505 815 165 60 ſitan illis.

466 863 478 75 Ob́ ruto nimium, nimium cupi

509 916 245 69 do́ modorum.

176 963 639 75 Ceu purgat ſtomachoſa nouo faſtidia guſtu.

176 1018 568 65 Qui ſatur eſt una repetita ſæpius eſca.

174 1061 701 75 Sed quid ego potius perſcribam ad te, niſi de te?

176 1122 744 71 Quinta dies agitur, quod in aula (proximus illam

172 1171 684 69 Membra terebratus, qui Chriſti fingitur inſtar

174 1222 654 69 Diuus templa tenet fabrorum nomine dicta)

174 1269 643 67 Publica cœna fuit, mediocri ſtructa paratu,

174 1326 686 66 Qua, noſti morem, ueneratus, quod fuit auctus

172 1369 662 72 Prole noua quidam, quam paucis ante diebus

172 1420 637 65 Extuleram ſacris ablutam compater undis.

172 1473 574 66 Indulget patrio genialis more caterua

174 1518 674 78 Et Cereri & Baccho, paßim fumoſa reſultant

178 1567 648 78 Vocibus illiſis clamoſo hypocauſta tumultu.

176 1631 592 65 Ac ubi nos inter fœcundos ualdius æquo

178 1673 568 80 Incaluißemus calices, muſto́ madenti

176 1720 603 90 Proluti egregie, tum cœpimus eſſe diſerti

178 1776 588 87 Illoto ſermone, loco nec tempore digno,

740 1855 116 57 D 4
