1545 2351
860 462 271 55 BARBA

615 523 657 64 Fuſte quidem digni, ſacris de rebus agentes.

615 577 584 57 Planè ſuaueolens íbi miſcebatur aroma

619 628 577 57 Vili lenticulæ, quæ res me penè necabat

623 677 692 65 Quærentem cauſas abitus, nullas́ prehentem

617 726 704 61 Siue clàm ſiue palàm, ſic me temulenta uirorum

621 775 627 65 Cinxerat incluſum differtæ turba coronæ.

621 836 667 61 Iam multis ultrò, citrò, ſurſum at deorſum

623 877 627 65 Quæſtis, reſponſis́, tui tum mentio forte

623 932 663 63 Incidit, at bene non memini quo præbita caſu

621 979 659 63 Hic ſarctor, tantum facie mihi notus & arte

623 1026 729 75 Quam exercet, quo non aderat cerebroſior alter

621 1087 610 51 In conuiuarum numero, nuper́ renatæ

621 1134 602 59 Relligionis atrox, & inexorabilis hoſtis.

623 1187 565 57 Vt cuius profeſſores uehementius odit

621 1236 763 60 Et cane & angue, mero iam tũ magis uuidus hauſto,

625 1291 659 58 Quàm fuerat Centaurorum ſæuißimus olim

621 1340 606 58 Eurytus, infando turbans conuiuia bello.

619 1385 722 64 Ille inquam ſarctor, cauſam arripiens ſine cauſa,

623 1436 659 62 Quæ non abſentem plenis conuicia plauſtris

619 1490 663 57 In te conuexit, uocitans uappam, nebulonem

619 1541 690 55 Iliaden, Lernam, mare, theſaurum́ malorum.

623 1584 672 67 Archilochus uates, placidus collatus ad illum,

621 1641 633 59 Ad laqueum qui mordaci pertraxit Iambo

623 1688 751 59 Vxorem & ſocerum, fuit & ſine dente Theon. Hic

625 1749 680 49 Quàm uix, ex alto luctantem erumpere bilem,

623 1792 688 79 Corde tamen preſſam teneo, tandem bonus ille

1229 1847 166 74 Poſtquàm
