1546 2351
162 515 647 66 Postquàm plus ſatis at diu latraſſet inepte,

164 558 623 66 Et, tanquam ſibi pugnatum fœliciter eſſet,

164 607 643 74 Hoſte́ deuicto prædam retuliſſet opimam,

162 662 662 60 Intuitus cunctos toruis, qui aderamus, ocellis,

166 709 604 58 Nullius hortatu motus, ſed ſponte quieuit.

166 767 627 57 Iam́ loco tandem reſpondendi mihi facto.

168 813 664 60 Sic inquam, geſtum, uultum, uocem́ ſerenus.

168 858 764 66 Parcius ó mi uir, bona uerba, memento quod ingens

168 905 672 62 Sit ſcelus, abſentum Genuinum infigere famæ.

170 954 682 72 Dic. quando, multis habitus mihi Volſius annis

168 1008 621 69 Integer, eximius omnis ſectator honeſti,

170 1065 547 63 Cuius eum uicij traducis, adulterij úe

170 1116 551 63 An læſæ maiestatis, furti, ambitionis,

172 1161 592 65 Cædis, auariciæ, luxus, plagij úe patrati,

170 1218 574 55 Aut alio de quo debet ſuſpectus haberi?

170 1261 688 71 Ille ibi, ſed nihil ad Bacchum facientia prorſus,

172 1318 731 63 Neſcio Stentoreum quid clamans, multa remugit.

176 1363 599 67 Ac ubi uel minimi uidit non poſſe reuinci

176 1416 580 61 Criminis, inculpata tuæ miracula uitæ.

178 1469 644 59 Eſto, ait, illorum quod non teneatur, & ipſe

174 1526 658 62 (Verba eius repeto) ſanctis ſit ſanctior ipſis.

178 1569 739 70 Quis tamen à mento profuſam in pectore barbam

180 1626 642 60 Non ægre ferat? hoc uel ſolo nomine dignus

178 1677 590 62 Penſilis arenti qui fiat ab arbore, barba,

182 1724 764 62 Non laqueo, nexus, quam non hominum ſine magna

184 1771 691 78 Multorum offenſa, & contra monachalia iura

354 446 400 63 IOANNIS SAPIDI.

732 1827 118 57 D 5
