1545 2351
862 466 271 51 BARBA

611 528 661 65 Capri inſtar paſcit, nec circumferre ueretur.

609 583 683 61 Olim turpe probrum, nunc laudi ducitur illud.

607 630 643 57 Dixit, & abſorbere hæc me catapocia iußit.

607 689 647 57 Accipe nunc quàm feſtiua talione regeſtum

607 732 657 57 Id ſit, & ut ueluti canis icta refugerit illhinc.

603 779 665 67 Hoc, inquam, dudum, ſemper studioſus ubi,

603 832 626 69 Scire requiſiui, quanam ratione caprinum

603 879 687 63 Sit pecus inuiſum ſarctoribus, ut quibus ipſum

601 934 687 59 Ad nomen pallor ſubit ora ſed hæc ea certe eſt

601 979 747 63 Hæc Helene, quod habent hirſutam nobile barbam

601 1044 653 51 Naturæ gestamen, at hæc non ſentio cur uos

603 1083 696 59 Tam male diſcruciat, niſi quod fortaſſe timetis.

601 1134 714 66 Ne, ſiquando (uices ita rerum tempora uerſant)

599 1187 620 59 Vt iam trita uiris olim non cognita, ſic &

598 1240 717 60 Conſuetudo genas hircorum expungere mandet,

596 1287 625 64 Nec detondendis tonſorum ſuppetat uſus.

596 1345 639 51 Tum iubeat ratio uos partem ferre laboris,

594 1391 619 66 Quod non artifices tonſoribus aptius uili

594 1438 717 60 Reſpondent inſtrumentorum, artis́ reſpectu.

594 1488 741 61 Quæ longum memorare foret, nimium́, moleſtũ.

592 1537 660 61 At quia (non puto te, ſed multos eſſe quis ibit

596 1596 641 61 Inficias rogo?) caprinæ præſegmina barbæ

596 1649 578 51 Vtilitate carent, & dulcis amica lucelli

596 1690 701 67 Furta, quid hoc? impingo uolebam dicere fruſta.

594 1743 672 59 Rem uobis faciant, quæ ſæpe rapacibus, inter

596 1800 729 76 Forficibus, plus quã ſatis eſt pro ueste, ſecandum,

1273 1855 95 57 Clàm
