1546 2351
323 454 384 57 IOANNIS SAPIDI

150 517 625 64 Clàm dominis auferre ſuis, ſcis ipſe, ſoletis.

154 574 641 58 Quo lucro, ſiue ſolliciti, ne forte ſupremam

154 626 668 63 Res ueſtræ ad reſtim ueniant, depromitur illa

152 670 633 72 Non his de lana, ſed ſpes odium́ caprina.

156 724 659 57 Quale nouercales animos non imbuit ullum.

158 766 710 72 Ad quæ quum nihil hic uellet, uel reddere poßet,

162 818 600 61 Conuiuis quo ridendi foret amplior anſa,

162 873 559 51 Maiori́ tuus cenſor crudeſceret ira,

166 920 578 57 Incipio uarijs ſermonibus eſſe moleſtus,

166 973 731 59 Laude uehens barbam, & uicio dans leuia menta.

178 1016 580 69 Quod ueluti criſta fit gallinaceus alta

918 1020 289 88 Barba docet

174 1077 652 63 Conſpicuus, tum gemmiferis Iunonia pennis

999 1079 157 74 Vir non.

170 1130 684 69 Commendatur auis, præbent ſua cornua ceruo

172 1179 682 67 Ornatum, quid opus multis, eſt prorſus eodem

176 1234 588 53 Pacto barba decus ſexus inſigne uirilis.

176 1275 601 67 Ille ibi non paſſus me dicere plura, tuopte

176 1322 623 67 Non, inquit, uiuam, niſi te iugulauero telo.

178 1377 664 61 Nam planè facit hæc pro me ſententia, neſcis

180 1424 666 63 Ponere onus capitis rapidos, ut inutile ceruos

184 1477 678 62 Defluere, & tractum caudæ pauonis inanem?

186 1526 725 66 Sic quo barba uiro cadat, expunctis́ genarum

188 1577 574 70 Setis, ſe tonſo ſpectandum prebeat ore.

190 1641 580 49 Finierat, dictis ad quæ ſum talibus uſus.

193 1679 655 74 Quod ceruus, pauus́ ſuo priuantur honore

192 1733 536 65 Naturæ ius eſt, & ineuitabilis ordo,

199 1782 576 83 Quæ ludit miris operoſo rebus in orbe,

822 1833 138 65 Munera
