<?xml version="1.0" encoding="UTF-8"?>
<alto xmlns:xsi="http://www.w3.org/2001/XMLSchema-instance"
      xmlns="http://www.loc.gov/standards/alto/ns-v4#"
      xsi:schemaLocation="http://www.loc.gov/standards/alto/ns-v4# http://www.loc.gov/standards/alto/v4/alto-4-2.xsd">
  <Description>
    <MeasurementUnit>pixel</MeasurementUnit>
    <sourceImageInformation>
      <fileName>64_c564d_default.jpg</fileName>
      
    </sourceImageInformation>
  </Description>
  
  <Tags>
    <OtherTag ID="BT650" LABEL="DropCapitalZone" DESCRIPTION="block type DropCapitalZone"/><OtherTag ID="BT651" LABEL="MainZone" DESCRIPTION="block type MainZone"/><OtherTag ID="BT652" LABEL="MarginTextZone" DESCRIPTION="block type MarginTextZone"/><OtherTag ID="BT653" LABEL="NumberingZone" DESCRIPTION="block type NumberingZone"/><OtherTag ID="BT654" LABEL="RunningTitleZone" DESCRIPTION="block type RunningTitleZone"/><OtherTag ID="BT655" LABEL="TitlePageZone" DESCRIPTION="block type TitlePageZone"/><OtherTag ID="BT673" LABEL="GraphicZone" DESCRIPTION="block type GraphicZone"/><OtherTag ID="BT674" LABEL="QuireMarksZone" DESCRIPTION="block type QuireMarksZone"/>
    <OtherTag ID="LT210" LABEL="DefaultLine" DESCRIPTION="line type DefaultLine"/><OtherTag ID="LT211" LABEL="DropCapitalLine" DESCRIPTION="line type DropCapitalLine"/><OtherTag ID="LT212" LABEL="InterlinearLine" DESCRIPTION="line type InterlinearLine"/><OtherTag ID="LT213" LABEL="HeadingLine" DESCRIPTION="line type HeadingLine"/>
  </Tags>
  
  <Layout>
    <Page WIDTH="1546"
          HEIGHT="2351"
          PHYSICAL_IMG_NR="60"
          ID="eSc_dummypage_">
      <PrintSpace HPOS="0"
                  VPOS="0"
                  WIDTH="1546"
                  HEIGHT="2351">
        
        <TextBlock HPOS="331.0"
                   VPOS="431.0"
                   WIDTH="409.0"
                   HEIGHT="52.0"
                   ID="eSc_textblock_281e814f"
                   TAGREFS="BT654">
          <Shape><Polygon POINTS="685 431 740 446 735 483 331 483 352 431"/></Shape>
          
          
          <TextLine ID="eSc_line_4e6e7e44"
                    TAGREFS="LT210"
                    BASELINE="335 468 730 472" 
                    HPOS="333"
                    VPOS="431"
                    WIDTH="397"
                    HEIGHT="52">
            <Shape><Polygon POINTS="726 442 707 436 687 431 668 431 648 431 628 431 609 431 589 431 570 431 550 431 531 431 511 431 491 431 472 431 452 431 433 431 413 431 352 431 337 456 335 468 333 478 726 483 730 472 730 442 726 442"/></Shape>
	    <String CONTENT="IOANNIS SAPIDI."
                    HPOS="333"
                    VPOS="431"
                    WIDTH="397"
                    HEIGHT="52"></String>
          </TextLine>

          
          
          <TextLine ID="eSc_line_ce18042a"
                    TAGREFS="LT210"
                    BASELINE="164 534 875 540" 
                    HPOS="162"
                    VPOS="489"
                    WIDTH="713"
                    HEIGHT="69">
            <Shape><Polygon POINTS="869 499 850 499 830 497 811 497 801 495 321 489 321 493 301 493 282 493 262 493 242 493 223 493 203 493 184 493 170 503 164 534 162 542 429 558 431 558 873 548 875 540 873 509 869 499"/></Shape>
	    <String CONTENT="Dudum annus fuit? hic quoniam lanuginis exors"
                    HPOS="162"
                    VPOS="489"
                    WIDTH="713"
                    HEIGHT="69"></String>
          </TextLine>

          
          
          <TextLine ID="eSc_line_ed1a4aa4"
                    TAGREFS="LT210"
                    BASELINE="164 583 885 593" 
                    HPOS="162"
                    VPOS="544"
                    WIDTH="723"
                    HEIGHT="67">
            <Shape><Polygon POINTS="164 583 162 595 595 611 597 611 883 603 885 593 883 552 164 544 164 583"/></Shape>
	    <String CONTENT="Pluſ cum tenera mulier lanugine monſtrum eſt,"
                    HPOS="162"
                    VPOS="544"
                    WIDTH="723"
                    HEIGHT="67"></String>
          </TextLine>

          
          
          <TextLine ID="eSc_line_0b646966"
                    TAGREFS="LT210"
                    BASELINE="168 634 930 640" 
                    HPOS="166"
                    VPOS="589"
                    WIDTH="764"
                    HEIGHT="71">
            <Shape><Polygon POINTS="911 599 891 593 889 593 887 593 730 603 713 603 601 603 601 601 591 593 591 591 589 591 587 591 585 591 499 601 489 601 474 601 317 589 315 589 168 597 168 634 166 646 711 660 713 660 930 644 930 640 928 626 923 603"/></Shape>
	    <String CONTENT="Quin quanto mage monſtrificum, muliebriter ultrò"
                    HPOS="166"
                    VPOS="589"
                    WIDTH="764"
                    HEIGHT="71"></String>
          </TextLine>

          
          
          <TextLine ID="eSc_line_b6b09de1"
                    TAGREFS="LT210"
                    BASELINE="166 681 740 693" 
                    HPOS="164"
                    VPOS="640"
                    WIDTH="576"
                    HEIGHT="61">
            <Shape><Polygon POINTS="166 681 164 689 736 701 740 693 738 654 166 640 166 681"/></Shape>
	    <String CONTENT="Tonſam ſubtili faciem caluere nouacla."
                    HPOS="164"
                    VPOS="640"
                    WIDTH="576"
                    HEIGHT="61"></String>
          </TextLine>

          
          
          <TextLine ID="eSc_line_c1cab06d"
                    TAGREFS="LT210"
                    BASELINE="166 734 764 740" 
                    HPOS="164"
                    VPOS="689"
                    WIDTH="600"
                    HEIGHT="59">
            <Shape><Polygon POINTS="166 734 164 744 760 748 764 740 762 701 166 689 166 734"/></Shape>
	    <String CONTENT="Præterea, quando nos commentitius oris"
                    HPOS="164"
                    VPOS="689"
                    WIDTH="600"
                    HEIGHT="59"></String>
          </TextLine>

          
          
          <TextLine ID="eSc_line_84931300"
                    TAGREFS="LT210"
                    BASELINE="172 783 911 791" 
                    HPOS="170"
                    VPOS="744"
                    WIDTH="741"
                    HEIGHT="65">
            <Shape><Polygon POINTS="897 756 877 752 875 750 172 744 172 783 170 791 907 809 911 791 907 777 897 756"/></Shape>
	    <String CONTENT="Oblectat ſplendor, cur non quo fœmina barbam"
                    HPOS="170"
                    VPOS="744"
                    WIDTH="741"
                    HEIGHT="65"></String>
          </TextLine>

          
          
          <TextLine ID="eSc_line_79271cd7"
                    TAGREFS="LT210"
                    BASELINE="170 832 758 836" 
                    HPOS="168"
                    VPOS="787"
                    WIDTH="590"
                    HEIGHT="65">
            <Shape><Polygon POINTS="542 789 529 787 511 787 503 787 483 787 464 787 444 787 425 787 405 787 387 787 170 791 170 832 168 840 754 852 758 836 756 797 560 789 542 789"/></Shape>
	    <String CONTENT="Adſumit falſam, ſua́ induit ora rigore."
                    HPOS="168"
                    VPOS="787"
                    WIDTH="590"
                    HEIGHT="65"></String>
          </TextLine>

          
          
          <TextLine ID="eSc_line_6fdc4c69"
                    TAGREFS="LT210"
                    BASELINE="170 881 879 887" 
                    HPOS="168"
                    VPOS="840"
                    WIDTH="711"
                    HEIGHT="55">
            <Shape><Polygon POINTS="873 885 866 846 170 840 170 881 168 887 875 895 879 887 877 877 873 885"/></Shape>
	    <String CONTENT="Sed tam nulla leuis iuuet os quàm ferre comatum"
                    HPOS="168"
                    VPOS="840"
                    WIDTH="711"
                    HEIGHT="55"></String>
          </TextLine>

          
          
          <TextLine ID="eSc_line_30b72cf6"
                    TAGREFS="LT210"
                    BASELINE="170 930 799 938" 
                    HPOS="168"
                    VPOS="883"
                    WIDTH="631"
                    HEIGHT="67">
            <Shape><Polygon POINTS="170 930 168 940 795 950 799 938 797 897 170 883 170 930"/></Shape>
	    <String CONTENT="Et nobis ſit honos glabris &amp; mollibus eße."
                    HPOS="168"
                    VPOS="883"
                    WIDTH="631"
                    HEIGHT="67"></String>
          </TextLine>

          
          
          <TextLine ID="eSc_line_4c3d346f"
                    TAGREFS="LT210"
                    BASELINE="172 979 871 991" 
                    HPOS="170"
                    VPOS="936"
                    WIDTH="701"
                    HEIGHT="71">
            <Shape><Polygon POINTS="868 950 172 936 172 979 170 991 193 1001 195 1001 197 1001 286 993 521 1007 523 1007 869 1001 871 991 871 973 868 950"/></Shape>
	    <String CONTENT="Intulit ille, malum non eſt quod temporis ingens"
                    HPOS="170"
                    VPOS="936"
                    WIDTH="701"
                    HEIGHT="71"></String>
          </TextLine>

          
          
          <TextLine ID="eSc_line_b1703e1c"
                    TAGREFS="LT210"
                    BASELINE="168 1032 807 1044" 
                    HPOS="166"
                    VPOS="991"
                    WIDTH="641"
                    HEIGHT="64">
            <Shape><Polygon POINTS="168 1032 166 1040 280 1054 803 1055 807 1044 807 1007 168 991 168 1032"/></Shape>
	    <String CONTENT="Induxit ſpacium, quo totus &amp; utitur orbis."
                    HPOS="166"
                    VPOS="991"
                    WIDTH="641"
                    HEIGHT="64"></String>
          </TextLine>

          
          
          <TextLine ID="eSc_line_c9deda18"
                    TAGREFS="LT210"
                    BASELINE="172 1085 846 1093" 
                    HPOS="170"
                    VPOS="1046"
                    WIDTH="676"
                    HEIGHT="55">
            <Shape><Polygon POINTS="172 1085 170 1093 842 1101 846 1093 844 1052 172 1046 172 1085"/></Shape>
	    <String CONTENT="Quid quod mille uiros inter uix unus &amp; alter"
                    HPOS="170"
                    VPOS="1046"
                    WIDTH="676"
                    HEIGHT="55"></String>
          </TextLine>

          
          
          <TextLine ID="eSc_line_cff408b8"
                    TAGREFS="LT210"
                    BASELINE="168 1134 799 1146" 
                    HPOS="166"
                    VPOS="1091"
                    WIDTH="633"
                    HEIGHT="78">
            <Shape><Polygon POINTS="168 1134 166 1148 272 1163 274 1163 433 1157 482 1155 503 1159 546 1167 548 1169 797 1169 799 1146 799 1103 168 1091 168 1134"/></Shape>
	    <String CONTENT="Eſt cui barba alitur, mala ſignificatio facti"
                    HPOS="166"
                    VPOS="1091"
                    WIDTH="633"
                    HEIGHT="78"></String>
          </TextLine>

          
          
          <TextLine ID="eSc_line_c96447e9"
                    TAGREFS="LT210"
                    BASELINE="905 1122 1241 1117" 
                    HPOS="901"
                    VPOS="1044"
                    WIDTH="339"
                    HEIGHT="117">
            <Shape><Polygon POINTS="903 1120 907 1157 928 1142 960 1142 985 1155 993 1161 995 1161 997 1161 999 1161 1148 1159 1150 1159 1152 1159 1152 1157 1158 1153 1171 1140 1236 1151 1240 1116 1236 1065 1114 1044 1024 1044 1022 1044 1020 1044 1018 1044 997 1059 991 1063 985 1059 973 1050 971 1050 969 1050 967 1050 901 1055 903 1120"/></Shape>
	    <String CONTENT="Barba ſinifica¬"
                    HPOS="901"
                    VPOS="1044"
                    WIDTH="339"
                    HEIGHT="117"></String>
          </TextLine>

          
          
          <TextLine ID="eSc_line_4611d03c"
                    TAGREFS="LT210"
                    BASELINE="174 1187 854 1191" 
                    HPOS="172"
                    VPOS="1140"
                    WIDTH="682"
                    HEIGHT="76">
            <Shape><Polygon POINTS="507 1142 487 1142 482 1140 315 1150 256 1151 246 1150 195 1140 193 1140 192 1140 174 1148 174 1187 172 1206 850 1216 854 1191 848 1142 805 1155 548 1155 531 1146 519 1142 507 1142"/></Shape>
	    <String CONTENT="Criminis (ut uulgo perhibent ) olimúe patrandi"
                    HPOS="172"
                    VPOS="1140"
                    WIDTH="682"
                    HEIGHT="76"></String>
          </TextLine>

          
          
          <TextLine ID="eSc_line_7445691c"
                    TAGREFS="LT210"
                    BASELINE="920 1179 1220 1173" 
                    HPOS="918"
                    VPOS="1138"
                    WIDTH="302"
                    HEIGHT="59">
            <Shape><Polygon POINTS="920 1179 920 1193 1205 1197 1207 1197 1208 1197 1210 1197 1220 1187 1220 1173 1214 1138 989 1150 987 1150 977 1140 977 1138 975 1138 973 1138 934 1138 932 1138 930 1138 928 1138 918 1146 920 1179"/></Shape>
	    <String CONTENT="tio patrati uel"
                    HPOS="918"
                    VPOS="1138"
                    WIDTH="302"
                    HEIGHT="59"></String>
          </TextLine>

          
          
          <TextLine ID="eSc_line_1ad73b42"
                    TAGREFS="LT210"
                    BASELINE="172 1236 836 1244" 
                    HPOS="170"
                    VPOS="1193"
                    WIDTH="666"
                    HEIGHT="60">
            <Shape><Polygon POINTS="172 1236 170 1246 832 1253 836 1244 834 1202 172 1193 172 1236"/></Shape>
	    <String CONTENT="Dixit, &amp; hæc nullis poſſe argumenta reuelli"
                    HPOS="170"
                    VPOS="1193"
                    WIDTH="666"
                    HEIGHT="60"></String>
          </TextLine>

          
          
          <TextLine ID="eSc_line_889cff77"
                    TAGREFS="LT210"
                    BASELINE="922 1232 1212 1238" 
                    HPOS="918"
                    VPOS="1193"
                    WIDTH="292"
                    HEIGHT="72">
            <Shape><Polygon POINTS="920 1230 918 1249 958 1259 960 1259 962 1259 964 1259 977 1249 981 1249 1097 1249 1099 1249 1112 1261 1112 1263 1114 1263 1116 1263 1118 1265 1185 1265 1185 1263 1187 1263 1189 1263 1208 1249 1210 1236 1208 1202 920 1193 920 1230"/></Shape>
	    <String CONTENT="patrandi crimi¬"
                    HPOS="918"
                    VPOS="1193"
                    WIDTH="292"
                    HEIGHT="72"></String>
          </TextLine>

          
          
          <TextLine ID="eSc_line_c670cbf5"
                    TAGREFS="LT210"
                    BASELINE="176 1287 832 1295" 
                    HPOS="174"
                    VPOS="1240"
                    WIDTH="658"
                    HEIGHT="68">
            <Shape><Polygon POINTS="176 1287 174 1298 828 1308 832 1295 830 1255 176 1240 176 1287"/></Shape>
	    <String CONTENT="Verborum phaleris clamat, poſcit́ repente"
                    HPOS="174"
                    VPOS="1240"
                    WIDTH="658"
                    HEIGHT="68"></String>
          </TextLine>

          
          
          <TextLine ID="eSc_line_635278c0"
                    TAGREFS="LT210"
                    BASELINE="176 1338 766 1345" 
                    HPOS="174"
                    VPOS="1293"
                    WIDTH="592"
                    HEIGHT="64">
            <Shape><Polygon POINTS="699 1295 648 1302 634 1304 617 1302 560 1293 558 1293 507 1298 483 1302 480 1298 474 1295 474 1293 472 1293 470 1293 176 1293 176 1338 174 1351 762 1357 766 1345 764 1306 701 1295 699 1295"/></Shape>
	    <String CONTENT="Me ſibi reſponſum, cui tali uoce renitor,"
                    HPOS="174"
                    VPOS="1293"
                    WIDTH="592"
                    HEIGHT="64"></String>
          </TextLine>

          
          
          <TextLine ID="eSc_line_a3802db1"
                    TAGREFS="LT210"
                    BASELINE="174 1392 869 1389" 
                    HPOS="172"
                    VPOS="1342"
                    WIDTH="697"
                    HEIGHT="60">
            <Shape><Polygon POINTS="864 1351 793 1342 791 1342 789 1342 762 1351 760 1353 644 1353 638 1349 632 1345 623 1345 611 1343 605 1349 603 1351 597 1349 579 1343 564 1343 552 1343 513 1347 483 1351 446 1347 405 1343 403 1343 401 1343 399 1343 395 1347 384 1353 172 1345 174 1392 174 1402 868 1398 869 1389 866 1353 864 1351"/></Shape>
	    <String CONTENT="Sed cur prouerbi non hic ſimul es memor huius"
                    HPOS="172"
                    VPOS="1342"
                    WIDTH="697"
                    HEIGHT="60"></String>
          </TextLine>

          
          
          <TextLine ID="eSc_line_56596d6d"
                    TAGREFS="LT210"
                    BASELINE="174 1441 866 1447" 
                    HPOS="172"
                    VPOS="1392"
                    WIDTH="694"
                    HEIGHT="75">
            <Shape><Polygon POINTS="384 1392 382 1392 227 1400 184 1392 174 1392 174 1441 172 1457 619 1455 758 1467 772 1467 773 1467 775 1467 777 1467 795 1457 862 1467 866 1447 862 1396 405 1402 386 1392 384 1392"/></Shape>
	    <String CONTENT="Nequis (læticiam quæ uox Germanica ſignat)"
                    HPOS="172"
                    VPOS="1392"
                    WIDTH="694"
                    HEIGHT="75"></String>
          </TextLine>

          
          
          <TextLine ID="eSc_line_0865759d"
                    TAGREFS="LT210"
                    BASELINE="178 1498 824 1498" 
                    HPOS="178"
                    VPOS="1445"
                    WIDTH="646"
                    HEIGHT="73">
            <Shape><Polygon POINTS="668 1447 666 1447 644 1453 640 1455 638 1453 625 1445 623 1445 621 1445 619 1445 617 1445 615 1445 605 1453 601 1455 178 1449 178 1498 178 1508 822 1518 824 1498 824 1457 691 1457 689 1455 681 1447 668 1447"/></Shape>
	    <String CONTENT="Hy dicat, foſſam niſi iam tranſmiſerit ante."
                    HPOS="178"
                    VPOS="1445"
                    WIDTH="646"
                    HEIGHT="73"></String>
          </TextLine>

          
          
          <TextLine ID="eSc_line_aac4908b"
                    TAGREFS="LT210"
                    BASELINE="176 1543 920 1547" 
                    HPOS="174"
                    VPOS="1498"
                    WIDTH="746"
                    HEIGHT="69">
            <Shape><Polygon POINTS="901 1508 854 1498 852 1498 850 1498 828 1508 826 1510 550 1510 523 1500 509 1500 489 1500 470 1500 460 1500 288 1506 280 1500 274 1500 254 1500 235 1500 215 1500 195 1500 176 1498 176 1543 174 1559 917 1567 920 1547 915 1528 901 1508"/></Shape>
	    <String CONTENT="Audi, tam nihil abſurdum eſt, uenerabile quod non"
                    HPOS="174"
                    VPOS="1498"
                    WIDTH="746"
                    HEIGHT="69"></String>
          </TextLine>

          
          
          <TextLine ID="eSc_line_28252454"
                    TAGREFS="LT210"
                    BASELINE="180 1594 838 1600" 
                    HPOS="178"
                    VPOS="1553"
                    WIDTH="660"
                    HEIGHT="63">
            <Shape><Polygon POINTS="180 1594 178 1602 399 1616 401 1616 836 1610 838 1600 834 1553 180 1553 180 1594"/></Shape>
	    <String CONTENT="Longa facit conſuetudo, quæ mentibus aufert"
                    HPOS="178"
                    VPOS="1553"
                    WIDTH="660"
                    HEIGHT="63"></String>
          </TextLine>

          
          
          <TextLine ID="eSc_line_49606e11"
                    TAGREFS="LT210"
                    BASELINE="178 1643 803 1653" 
                    HPOS="176"
                    VPOS="1598"
                    WIDTH="627"
                    HEIGHT="75">
            <Shape><Polygon POINTS="178 1643 176 1655 552 1671 554 1671 658 1663 677 1673 679 1673 681 1673 801 1663 803 1653 801 1616 677 1602 676 1602 609 1610 585 1612 581 1608 576 1604 576 1602 574 1602 572 1602 570 1602 505 1606 450 1610 178 1598 178 1643"/></Shape>
	    <String CONTENT="Iudicium humanis, ne poßint uile lupinumn"
                    HPOS="176"
                    VPOS="1598"
                    WIDTH="627"
                    HEIGHT="75"></String>
          </TextLine>

          
          
          <TextLine ID="eSc_line_1bcfd41a"
                    TAGREFS="LT210"
                    BASELINE="182 1692 822 1698" 
                    HPOS="180"
                    VPOS="1647"
                    WIDTH="642"
                    HEIGHT="67">
            <Shape><Polygon POINTS="182 1692 180 1706 819 1714 822 1698 821 1663 182 1647 182 1692"/></Shape>
	    <String CONTENT="Noſcere quis dirimat precioſo limes ab ære."
                    HPOS="180"
                    VPOS="1647"
                    WIDTH="642"
                    HEIGHT="67"></String>
          </TextLine>

          
          
          <TextLine ID="eSc_line_46ebad4c"
                    TAGREFS="LT210"
                    BASELINE="184 1743 817 1749" 
                    HPOS="182"
                    VPOS="1706"
                    WIDTH="635"
                    HEIGHT="67">
            <Shape><Polygon POINTS="184 1743 182 1755 393 1771 395 1771 583 1763 740 1773 742 1773 815 1761 817 1749 815 1716 184 1706 184 1743"/></Shape>
	    <String CONTENT="At non idcirco, quodcun recepta uetuſtas"
                    HPOS="182"
                    VPOS="1706"
                    WIDTH="635"
                    HEIGHT="67"></String>
          </TextLine>

          
          
          <TextLine ID="eSc_line_0149c481"
                    TAGREFS="LT210"
                    BASELINE="189 1796 397 1806 846 1802" 
                    HPOS="186"
                    VPOS="1751"
                    WIDTH="658"
                    HEIGHT="84">
            <Shape><Polygon POINTS="188 1794 186 1822 309 1820 407 1827 476 1833 478 1833 480 1833 491 1829 515 1820 560 1829 578 1833 579 1833 615 1831 742 1820 758 1831 758 1833 760 1833 762 1833 764 1835 842 1835 844 1800 838 1759 491 1761 472 1753 464 1751 462 1751 460 1751 458 1751 456 1751 454 1753 442 1763 344 1763 327 1751 325 1751 323 1751 188 1751 188 1794"/></Shape>
	    <String CONTENT="Obtinuit, rectum eſt, nam non mutare liceret"
                    HPOS="186"
                    VPOS="1751"
                    WIDTH="658"
                    HEIGHT="84"></String>
          </TextLine>

          
          
          <TextLine ID="eSc_line_d3c8880e"
                    TAGREFS="LT210"
                    BASELINE="844 1855 952 1855" 
                    HPOS="844"
                    VPOS="1820"
                    WIDTH="108"
                    HEIGHT="58">
            <Shape><Polygon POINTS="844 1855 844 1867 871 1878 873 1878 875 1878 952 1867 952 1855 942 1820 844 1820 844 1855"/></Shape>
	    <String CONTENT="Quod"
                    HPOS="844"
                    VPOS="1820"
                    WIDTH="108"
                    HEIGHT="58"></String>
          </TextLine>

          
        </TextBlock>
        
        <TextBlock HPOS="896"
                   VPOS="1057"
                   WIDTH="350"
                   HEIGHT="241"
                   ID="eSc_textblock_71d3202f"
                   TAGREFS="BT652">
          <Shape><Polygon POINTS="1016 1057 1246 1079 1245 1252 1080 1274 999 1298 896 1287 896 1080"/></Shape>
          
          
          <TextLine ID="eSc_line_43333eed"
                    TAGREFS="LT210"
                    BASELINE="940 1277 996 1285" 
                    HPOS="934"
                    VPOS="1240"
                    WIDTH="65"
                    HEIGHT="70">
            <Shape><Polygon POINTS="938 1275 934 1289 987 1310 995 1283 999 1240 940 1240 938 1275"/></Shape>
	    <String CONTENT="nis."
                    HPOS="934"
                    VPOS="1240"
                    WIDTH="65"
                    HEIGHT="70"></String>
          </TextLine>

          
        </TextBlock>
        
        <TextBlock HPOS="156"
                   VPOS="493"
                   WIDTH="780"
                   HEIGHT="1330"
                   ID="eSc_textblock_05fdfb58"
                   TAGREFS="BT651">
          <Shape><Polygon POINTS="873 501 927 606 936 648 779 689 789 736 920 760 866 916 881 1008 850 1040 875 1065 875 1259 842 1300 842 1338 881 1363 881 1494 928 1520 920 1557 850 1583 842 1753 861 1794 861 1813 798 1813 798 1816 407 1823 167 1813 156 532 172 493 734 493"/></Shape>
          
        </TextBlock>
        
        <TextBlock HPOS="842"
                   VPOS="1822"
                   WIDTH="110"
                   HEIGHT="49"
                   ID="eSc_textblock_f6009f6c"
                   TAGREFS="BT674">
          <Shape><Polygon POINTS="952 1863 852 1871 842 1855 842 1822 952 1822"/></Shape>
          
        </TextBlock>
        

        
      </PrintSpace>
    </Page>
  </Layout>
</alto>
