1545 2351
817 454 271 55 BARBA

601 517 732 78 Quod ſemel inductum temere aut ignauiter eſſet,

601 570 616 74 Vel ſaltem latus in melius male lintea paſſa

601 619 671 62 Vertere, cum (res euentu tibi nota recenti eſt.)

599 671 663 65 Multa uides priſcis ſub progenitoribus orta,

599 724 646 59 Et multos ſumma cum relligione per annos

599 764 691 72 Obſeruata quidem, ſed noſtro tempore partim

596 815 649 70 Damnari, partim penitus ſublatam reſcindi.

596 867 694 73 Hic ne me, quã fers, inſulſa parœmia torquet,

598 924 684 63 Barba mali quod non uanus ſit pectoris index.

599 965 712 73 Quin mihi dic bone uir, gnatus qui iuſſa capeßit,

594 1022 717 65 Et pariter nutum peragit mandantis ad omnem.

596 1075 717 63 Aut qui non modo contemnit præcepta parentis,

596 1120 629 69 Verum etiam contra uiolento nititur auſu,

596 1171 552 67 Vter commißi committendi úe reatus

590 1226 668 65 Taxetur potius? uos quorum guttura circum

592 1269 713 76 Ferre ſolet chalybem peracutum tonſor adulans

592 1332 653 72 Vos inquam ueſtræ facitis iura irrita matris

588 1373 641 82 Naturæ, hanc & ſacrilego contemnitis uſu

590 1424 682 72 Tondendi, quæ nil magno ſine pondere ſanxit.

590 1483 604 60 I nunc, at meis barbatis obijce culpam,

592 1518 731 88 Quam iam parturiunt, dudum peperereúe, ſi non

590 1575 582 74 Iure tuos longe potiore cohæret in iſtos

588 1626 647 78 Semiuiros ora implumes, cultro́ nouatos.

588 1686 678 59 I cane, non tibi dum ſuperato encomion hoſte,

588 1733 700 65 Duc́ triumphales per Teutona mœnia currus

588 1778 680 91 Finieram, ille parum muſſans, ſic deni fatur.

1254 1804 104 100 Audio
