1546 2351
337 415 401 68 IOANNIS SAPIDI.

150 474 639 80 Audio uos, quos captandæ ſit is anxia famæ

146 527 647 70 Pertrahit ad libros habiti quo nomine docti

146 575 633 83 Eſtis, & à populo, qui uobis non ſecus at

146 624 588 77 Beſtia faſtiditur iners, ceu numina culti.

144 677 631 77 Audio uoſipſos inquam, ſermone probatis

143 730 617 61 Iam ueteri legere in ſcriptis, adeo́ fateri

144 773 675 77 Barba uiros quod prudentes, rerum́ peritos

143 824 632 73 Non faciat: nam non dubito, niſi uiſa fuiſſet

141 871 650 77 Res inamœna ſibi, quiſquis fuit ille uirorum,

143 920 646 81 Barbatos ne tam dicto pupugiſſet acerbo.

141 971 595 73 Ergo tibi, cur egregijs tot laudibus, oris

141 1016 656 88 Immunda aſperitas effertur, idem́ politum

139 1073 627 77 Et liuore nitens, parte execraris ab omni?

137 1128 678 69 Dixerat hæc, iterum cui talibus obuio uerbis.

137 1171 672 86 Eſt aliquid fateor quod ais, ſed ephippia certe

135 1226 652 80 Hæc noſtro non ſunt imponier apta caballo.

135 1277 725 78 Nam nos non agimus, quos poßit reddere fructus

133 1320 713 84 Barbitium, an ſit huic ſemper ſapientia iuncta.

135 1375 629 76 Sed deceat ne uiri formam, ceu libera crine

135 1428 619 82 Matronam facies, ne enim ſententia uili

135 1479 644 76 Hæc ipſum pendit, ſed eos perstringit inani

141 1532 707 84 Qui ſpecie oſtentant, quod res nõ exprimit ipſa.

135 1579 670 84 Hinc pariter ſapiens barbæ tenus ille uocatur.

139 1630 736 90 Qui nequit id præstare, quod eſt ſe poſſe profeſſus,

137 1675 664 92 Et ſi nulla ſibi coma contegat hiſpida buccas.

141 1726 666 105 Vt ſi quis medicus, quam iactat, neſciat artem,

824 1806 81 66 Aut
