1545 2351
837 454 264 53 BARBA

617 507 704 80 Aut monachus uitæ, ſi ſit quam uenditat, impar.

621 562 575 72 Nam quo ditior elatis ſit gratia uerbis.

621 603 731 88 Non ſemper manet is ſenſus, quem ſermo requirit.

623 650 672 84 Sic quo uulgus habet paßim dicteria multa,

629 703 653 90 Quorum uis longe eſt aliena à uocibus ipſis.

627 756 625 84 Exemplo tibi ſit. Non eſt leuis at parata,

629 816 535 75 Si dicas, ope uulpina uenatio uulpis.

629 863 637 77 Hic aliud ſonat os, aliud mens concipit ipſa,

631 903 774 86 Nempe quod in promptu non ſit, dare uerba potenti

635 961 749 81 Technarum, tamen haud ego pernego poſſe notari

631 1008 712 79 Hoc dicto ſimul hoſce, quibus propendet ab ore

639 1054 704 84 Barba, huius ſibi prætextu popularis ut aura,

637 1112 539 83 Et famoſa piæ ueniat perſuaſio uitæ

639 1153 625 87 Quales, neſcio quæ nobis ſpontanea fingit

637 1214 637 82 Paupertas hodie, quales pariter́ uidemus

643 1257 692 94 Quos gens Bardiacis male prodigioſa cucullis,

645 1320 629 72 Illa nimis defectæ immania pondera terræ.

645 1363 611 82 Scilicet appoſito conuerſos nomine dicit,

645 1406 768 90 Qui quoduis potius ſunt, quàm quod fronte fatentur.

647 1461 694 84 Adde uel hos, acies quibus it per utrun labelli

650 1516 563 92 Supremi latus emißis criſpata capillis,

650 1567 636 82 Quo uultu necis intrepidos, bello́ feroces

652 1614 622 84 Oſtentent alijs ſeſe, multum́ tremendos.

652 1667 673 84 Aſt ubi cominus ingruerit Mauortius horror,

654 1718 594 84 Et iam uulnificis miſcentur prælia telis,

658 1769 569 90 Curſibus abiecta ceruinis ocyus hasta

1217 1808 202 80 Diffugiunt,
