1546 2351
174 474 731 62 Diffugiunt, proprij me tuentes corporis umbram.

174 519 660 68 Nemo tamen ſanus, barbam culparit abuſus,

176 572 643 72 Sed magis hos tali qui ſe ſub imagine cælant.

178 617 568 64 Vt ſi concubitus experta puella uiriles

176 664 670 76 Hinc infame timens floris ſibi nomen adempti

178 722 666 67 Virgineo redimat ſe, non bene prouida cultu,

174 762 611 66 Deferri pudicitiæ ſibi poſcat honorem,

174 820 676 57 Non ornamentis crimen, tamen adfricat illud.

174 865 623 71 Sic & abutentis labem non barba capeßit.

174 911 658 68 Sed redeamus ad inductæ primordia cauſæ.

176 961 637 73 Iam ſatis at ſatis manifesta luce probaui,

174 1016 592 81 Et reuocabilibus nullo ſub iudice ſignis,

176 1069 670 71 Quod fœcit natura uiri barbeſcere mentum.

176 1128 766 71 Quo corpus dos, non animũ, tam pulchra uenuſtet,

174 1169 647 77 Et ſic qualis erit qualis uir cum́ bonus úe,

172 1224 697 72 Seu malus, aut prudens, hebeti ſeu ſtultior agno,

176 1277 650 70 Attamen hunc barba facies exculta decebit,

174 1320 723 80 Dummodo non quicquã, ut dixi, ſibi uendicet illa,

176 1379 592 68 Sed ſummo quia naturæ rerum́ ſatori

178 1430 664 60 Sic uiſum ſit, & hoc riget uno nomine noster

182 1477 601 74 Volſius ora, nec ut de ſe rumore ſecundo

182 1532 670 68 Corporis aut animi præſtantis opinio ſurgat,

182 1583 633 66 Aut ficta pariat titulum pietate uerendum,

182 1628 644 76 Perſona quoniam nuper ſe hac exuit ipſum

186 1677 666 84 Vana cuculliferæ ut liquit ſimulacra cateruæ.

184 1735 662 83 At melior quo quiſ, fit hoc & honeſtior illa,

335 415 393 53 IOANNIS SAPIDI

819 1796 25 61 E
