1545 2351
884 409 272 69 BARBA

631 483 690 57 Nam malo, ſi non eſt indecor, ornet, oportet

633 538 700 53 Plus illum uirtus pariter quem iuncta uenuſtat.

633 581 712 67 Ergo uiri os in ueſte, quid eſt niſi lingua ſapore,

631 636 645 55 Remigio́ carens uocis, ſine munere uiſus

633 679 639 63 Orbiculus frontis, uacuus ui naſus odora,

635 730 643 65 Auris & officio capiendi murmuris orba.

635 781 637 61 Aut magis exutus facibus rutilantibus axis

637 834 637 59 Titan lucis inops, uiduatus piſcibus amnis.

635 887 700 57 Ciuibus urbs expers, & caſſus floribus hortus.

635 946 670 53 Nunc age dic agni, quando paulò incidit ante

635 985 785 61 Mentio, quid magis hunc quàm copia uelleris ornat?

633 1034 682 67 Attamen in reliquis non eſt animantibus ulla,

637 1085 719 68 Quæ ſtupeat tantum, & nullo ſibi cõmodet uſu.

633 1140 666 64 Hinc illud populi dictum, quod ſæpius audis,

327 1187 301 68 Ouis non bonum

633 1187 747 76 Haud bona quod ſit ouis, lanam, quæ ferre recuſet

329 1240 299 78 ꝗ ryſn ſes

623 1236 749 74 Ipſa ſuam, non plus ad eum cui barba moleſta est,

325 1297 303 62 re lanã, ſuam

623 1295 737 62 Quam quemuis alium, uel te cenſore, quadrabit?

319 1342 277 90 ita nec uir, ꝗ

633 1340 608 66 Hic mihi reſpondens de cœpis, alia danti,

329 1391 145 72 barbam

633 1391 592 62 Impatiens́ mei ſic alta uoce repugnat.

633 1449 651 55 Hem quid ais tandem? toto tundetur in orbe.

635 1504 745 55 Lanigerum pecus, hunc morem qui reijcit, an non

637 1543 590 61 Eumenidum totus furiali mente laborat

639 1596 643 63 Ille miſer, nec plura ira prohibente locutus.

637 1645 694 67 Hic oleum infundens flammæ ſic inquio rurſus

639 1704 649 53 Audio quæſitis, ſed non ea congrua noſtris.

637 1751 708 80 Nam quis tam procul à ſenſus cõmunis aberret

1254 1804 151 61 Tramite,
