<?xml version="1.0" encoding="UTF-8"?>
<alto xmlns:xsi="http://www.w3.org/2001/XMLSchema-instance"
      xmlns="http://www.loc.gov/standards/alto/ns-v4#"
      xsi:schemaLocation="http://www.loc.gov/standards/alto/ns-v4# http://www.loc.gov/standards/alto/v4/alto-4-2.xsd">
  <Description>
    <MeasurementUnit>pixel</MeasurementUnit>
    <sourceImageInformation>
      <fileName>6_55c4f_default.jpg</fileName>
      
    </sourceImageInformation>
  </Description>
  
  <Tags>
    <OtherTag ID="BT650" LABEL="DropCapitalZone" DESCRIPTION="block type DropCapitalZone"/><OtherTag ID="BT651" LABEL="MainZone" DESCRIPTION="block type MainZone"/><OtherTag ID="BT652" LABEL="MarginTextZone" DESCRIPTION="block type MarginTextZone"/><OtherTag ID="BT653" LABEL="NumberingZone" DESCRIPTION="block type NumberingZone"/><OtherTag ID="BT654" LABEL="RunningTitleZone" DESCRIPTION="block type RunningTitleZone"/><OtherTag ID="BT655" LABEL="TitlePageZone" DESCRIPTION="block type TitlePageZone"/><OtherTag ID="BT673" LABEL="GraphicZone" DESCRIPTION="block type GraphicZone"/><OtherTag ID="BT674" LABEL="QuireMarksZone" DESCRIPTION="block type QuireMarksZone"/>
    <OtherTag ID="LT210" LABEL="DefaultLine" DESCRIPTION="line type DefaultLine"/><OtherTag ID="LT211" LABEL="DropCapitalLine" DESCRIPTION="line type DropCapitalLine"/><OtherTag ID="LT212" LABEL="InterlinearLine" DESCRIPTION="line type InterlinearLine"/><OtherTag ID="LT213" LABEL="HeadingLine" DESCRIPTION="line type HeadingLine"/>
  </Tags>
  
  <Layout>
    <Page WIDTH="1546"
          HEIGHT="2351"
          PHYSICAL_IMG_NR="2"
          ID="eSc_dummypage_">
      <PrintSpace HPOS="0"
                  VPOS="0"
                  WIDTH="1546"
                  HEIGHT="2351">
        
        <TextBlock HPOS="164"
                   VPOS="407"
                   WIDTH="788"
                   HEIGHT="1411"
                   ID="eSc_textblock_4bae2645"
                   TAGREFS="BT651">
          <Shape><Polygon POINTS="944 423 936 476 881 530 717 619 952 666 952 1810 876 1818 735 1816 701 1816 219 1800 164 1769 170 733 212 733 214 633 368 601 311 538 180 476 172 407"/></Shape>
          
          
          <TextLine ID="eSc_line_c27406e3"
                    TAGREFS="LT213"
                    BASELINE="168 448 932 464" 
                    HPOS="166"
                    VPOS="407"
                    WIDTH="766"
                    HEIGHT="78">
            <Shape><Polygon POINTS="893 421 873 421 854 421 834 419 815 419 795 419 775 419 756 419 736 417 717 417 697 417 677 417 658 417 638 415 619 415 599 415 579 415 560 415 540 413 521 413 501 413 482 413 462 413 442 411 423 411 403 411 384 411 364 411 344 409 325 409 305 409 286 409 266 409 246 407 227 407 207 407 188 407 168 409 168 448 166 468 356 466 928 485 932 464 930 421 913 421"/></Shape>
	    <String CONTENT="MATERNVS HATTENVS SPIREN¬"
                    HPOS="166"
                    VPOS="407"
                    WIDTH="766"
                    HEIGHT="78"></String>
          </TextLine>

          
          
          <TextLine ID="eSc_line_48fcd1ab"
                    TAGREFS="LT213"
                    BASELINE="237 505 883 513" 
                    HPOS="235"
                    VPOS="456"
                    WIDTH="648"
                    HEIGHT="80">
            <Shape><Polygon POINTS="789 462 787 462 728 472 724 472 721 472 674 460 672 460 670 460 574 470 509 458 507 458 505 458 476 468 376 456 260 456 258 456 256 456 254 456 252 456 237 501 237 505 235 521 540 521 564 527 579 532 581 532 723 534 724 536 826 536 826 534 828 534 830 534 846 525 877 534 883 513 881 474 805 474 805 472 793 462 791 462"/></Shape>
	    <String CONTENT="ſis lacobo Schenckio luriſconſulto, Impe¬"
                    HPOS="235"
                    VPOS="456"
                    WIDTH="648"
                    HEIGHT="80"></String>
          </TextLine>

          
          
          <TextLine ID="eSc_line_24605e51"
                    TAGREFS="LT213"
                    BASELINE="327 552 783 562" 
                    HPOS="325"
                    VPOS="507"
                    WIDTH="458"
                    HEIGHT="67">
            <Shape><Polygon POINTS="325 568 779 574 783 562 781 525 327 507 327 552"/></Shape>
	    <String CONTENT="rialis cameræ aduocato incor¬"
                    HPOS="325"
                    VPOS="507"
                    WIDTH="458"
                    HEIGHT="67"></String>
          </TextLine>

          
          
          <TextLine ID="eSc_line_acafa0e4"
                    TAGREFS="LT213"
                    BASELINE="434 611 670 611" 
                    HPOS="434"
                    VPOS="570"
                    WIDTH="236"
                    HEIGHT="60">
            <Shape><Polygon POINTS="434 623 668 630 670 611 670 570 434 570 434 611"/></Shape>
	    <String CONTENT="ruptiß: S. D."
                    HPOS="434"
                    VPOS="570"
                    WIDTH="236"
                    HEIGHT="60"></String>
          </TextLine>

          
          
          <TextLine ID="eSc_line_9b6beae8"
                    TAGREFS="LT211"
                    BASELINE="179 719 209 721" 
                    HPOS="174"
                    VPOS="624"
                    WIDTH="43"
                    HEIGHT="108">
            <Shape><Polygon POINTS="181 626 178 717 174 730 203 732 207 720 217 624 209 626"/></Shape>
	    <String CONTENT="I"
                    HPOS="174"
                    VPOS="624"
                    WIDTH="43"
                    HEIGHT="108"></String>
          </TextLine>

          
          
          <TextLine ID="eSc_line_b281c135"
                    TAGREFS="LT210"
                    BASELINE="216 663 935 691" 
                    HPOS="213"
                    VPOS="615"
                    WIDTH="727"
                    HEIGHT="84">
            <Shape><Polygon POINTS="881 652 862 648 842 644 822 640 811 636 791 640 787 640 781 632 779 632 779 630 773 630 772 630 750 638 748 638 744 638 664 626 662 626 660 626 632 634 625 634 607 632 521 621 519 621 482 626 470 628 446 626 368 615 366 615 266 615 254 619 235 623 215 624 215 662 213 677 930 699 934 689 940 660 901 656"/></Shape>
	    <String CONTENT="Oannis Pierij, Græca &amp; Latina lingua apprime"
                    HPOS="213"
                    VPOS="615"
                    WIDTH="727"
                    HEIGHT="84"></String>
          </TextLine>

          
          
          <TextLine ID="eSc_line_0f73fd5c"
                    TAGREFS="LT210"
                    BASELINE="213 719 936 732" 
                    HPOS="209"
                    VPOS="666"
                    WIDTH="725"
                    HEIGHT="82">
            <Shape><Polygon POINTS="781 679 762 683 728 689 695 681 683 677 681 677 679 677 654 679 593 685 578 677 578 675 576 675 574 675 572 675 570 675 566 675 532 685 513 675 513 673 511 673 509 673 507 673 505 673 499 673 448 683 380 670 372 670 370 670 368 670 366 670 327 679 305 668 303 668 301 668 289 668 286 666 211 666 211 717 209 728 930 748 934 730 930 689 805 689 795 683 789 679 781 679"/></Shape>
	    <String CONTENT="docti, optime mi patrone, orationem de laude Bar"
                    HPOS="209"
                    VPOS="666"
                    WIDTH="725"
                    HEIGHT="82"></String>
          </TextLine>

          
          
          <TextLine ID="eSc_line_a929129f"
                    TAGREFS="LT210"
                    BASELINE="168 766 938 785" 
                    HPOS="166"
                    VPOS="722"
                    WIDTH="772"
                    HEIGHT="79">
            <Shape><Polygon POINTS="168 766 166 771 246 785 248 785 452 783 536 783 934 801 938 785 938 742 168 722 168 766"/></Shape>
	    <String CONTENT="bæ accepi diebus his ab Vrbe, amicis quos iſtic habeo"
                    HPOS="166"
                    VPOS="722"
                    WIDTH="772"
                    HEIGHT="79"></String>
          </TextLine>

          
          
          <TextLine ID="eSc_line_ed249f3c"
                    TAGREFS="LT210"
                    BASELINE="170 815 940 834" 
                    HPOS="168"
                    VPOS="769"
                    WIDTH="772"
                    HEIGHT="79">
            <Shape><Polygon POINTS="817 783 797 783 777 781 758 781 738 781 719 781 699 779 679 779 660 779 640 779 621 777 601 777 581 777 562 777 542 775 523 775 503 775 483 775 464 773 444 773 425 773 405 773 386 771 366 771 346 771 327 771 307 769 288 769 268 769 248 769 182 769 170 773 170 815 168 830 936 848 940 834 940 789 824 783 817 783"/></Shape>
	    <String CONTENT="impertientib. Quæ &amp; ſi ante quinquenniũ uulgata"
                    HPOS="168"
                    VPOS="769"
                    WIDTH="772"
                    HEIGHT="79"></String>
          </TextLine>

          
          
          <TextLine ID="eSc_line_ef7e8b33"
                    TAGREFS="LT210"
                    BASELINE="170 867 940 881" 
                    HPOS="168"
                    VPOS="818"
                    WIDTH="772"
                    HEIGHT="77">
            <Shape><Polygon POINTS="934 834 915 834 895 834 875 834 542 834 529 828 515 824 503 824 483 824 472 828 464 830 448 828 413 822 405 822 386 820 374 820 335 826 325 828 317 826 288 818 288 818 268 818 254 818 174 824 170 828 170 867 168 877 936 895 940 881 938 834 934 834"/></Shape>
	    <String CONTENT="&amp; lecta in Italia ſit, tamen propter argumenti noui"
                    HPOS="168"
                    VPOS="818"
                    WIDTH="772"
                    HEIGHT="77"></String>
          </TextLine>

          
          
          <TextLine ID="eSc_line_e70125ca"
                    TAGREFS="LT210"
                    BASELINE="170 912 930 934" 
                    HPOS="168"
                    VPOS="869"
                    WIDTH="762"
                    HEIGHT="73">
            <Shape><Polygon POINTS="503 875 483 873 462 877 446 879 421 877 372 871 366 871 346 871 327 871 307 871 288 871 268 869 248 869 229 869 188 871 170 907 170 912 168 920 926 942 930 934 930 887 527 883 525 879 521 875 503 875"/></Shape>
	    <String CONTENT="tatem, &amp; copiam rerũ, qua tanta utitur hiſtoriæ &amp;"
                    HPOS="168"
                    VPOS="869"
                    WIDTH="762"
                    HEIGHT="73"></String>
          </TextLine>

          
          
          <TextLine ID="eSc_line_01f2eb3b"
                    TAGREFS="LT210"
                    BASELINE="168 961 934 987" 
                    HPOS="166"
                    VPOS="916"
                    WIDTH="768"
                    HEIGHT="91">
            <Shape><Polygon POINTS="697 928 677 928 644 936 638 928 636 928 636 926 634 926 632 926 630 926 619 926 599 926 585 926 466 930 436 924 417 920 403 920 384 920 380 922 374 926 368 922 358 918 344 918 325 918 313 916 168 918 168 961 166 971 248 985 250 985 360 981 384 981 930 1007 934 987 932 934 817 942 715 940 699 928 697 928"/></Shape>
	    <String CONTENT="exemplorum. Propter́ eius ſcribendæ occaſionẽ,"
                    HPOS="166"
                    VPOS="916"
                    WIDTH="768"
                    HEIGHT="91"></String>
          </TextLine>

          
          
          <TextLine ID="eSc_line_69daedfc"
                    TAGREFS="LT210"
                    BASELINE="170 1016 940 1034" 
                    HPOS="168"
                    VPOS="965"
                    WIDTH="772"
                    HEIGHT="87">
            <Shape><Polygon POINTS="797 983 779 983 732 987 693 991 685 985 677 979 660 979 636 983 605 989 593 981 587 977 581 977 574 975 568 981 554 987 374 985 352 971 346 969 344 969 342 969 327 971 272 979 252 967 250 967 248 967 170 965 170 1016 168 1030 193 1040 195 1040 197 1040 337 1034 352 1044 354 1044 356 1044 358 1044 482 1038 683 1052 685 1052 938 1046 940 1034 940 997 832 995 826 991 813 983 797 983"/></Shape>
	    <String CONTENT="dignam duxi, quam nouam tanquàm fabulam ex ue¬"
                    HPOS="168"
                    VPOS="965"
                    WIDTH="772"
                    HEIGHT="87"></String>
          </TextLine>

          
          
          <TextLine ID="eSc_line_e7a0c2b8"
                    TAGREFS="LT210"
                    BASELINE="168 1065 940 1087" 
                    HPOS="166"
                    VPOS="1028"
                    WIDTH="774"
                    HEIGHT="75">
            <Shape><Polygon POINTS="168 1065 166 1075 307 1091 309 1091 354 1083 356 1083 360 1083 397 1093 399 1093 401 1093 403 1093 423 1085 427 1085 431 1085 466 1095 468 1095 936 1103 940 1087 938 1038 801 1046 697 1034 658 1030 656 1030 654 1030 642 1034 619 1040 601 1032 589 1028 587 1028 168 1028 168 1065"/></Shape>
	    <String CONTENT="teri repræſentarem tibi tanto amico, &amp; per te noua"
                    HPOS="166"
                    VPOS="1028"
                    WIDTH="774"
                    HEIGHT="75"></String>
          </TextLine>

          
          
          <TextLine ID="eSc_line_4a226dda"
                    TAGREFS="LT210"
                    BASELINE="168 1118 936 1138" 
                    HPOS="166"
                    VPOS="1075"
                    WIDTH="770"
                    HEIGHT="78">
            <Shape><Polygon POINTS="168 1085 168 1118 166 1126 932 1153 936 1138 936 1097 178 1075 168 1085"/></Shape>
	    <String CONTENT="rum rerum ſtudioſis. Occaſio hæc fuit: Quum ſub"
                    HPOS="166"
                    VPOS="1075"
                    WIDTH="770"
                    HEIGHT="78"></String>
          </TextLine>

          
          
          <TextLine ID="eSc_line_1b71f5d1"
                    TAGREFS="LT210"
                    BASELINE="168 1169 934 1193" 
                    HPOS="166"
                    VPOS="1120"
                    WIDTH="768"
                    HEIGHT="86">
            <Shape><Polygon POINTS="411 1126 409 1126 407 1126 317 1134 297 1134 288 1132 233 1120 227 1120 182 1128 168 1155 168 1169 166 1179 930 1206 934 1193 932 1142 807 1150 758 1138 742 1136 740 1136 738 1136 728 1138 699 1146 685 1138 681 1134 679 1134 677 1134 676 1134 591 1136 485 1140 427 1140 421 1134 413 1126 411 1126"/></Shape>
	    <String CONTENT="clade Romana perpetrata per militem Cæſarianum,"
                    HPOS="166"
                    VPOS="1120"
                    WIDTH="768"
                    HEIGHT="86"></String>
          </TextLine>

          
          
          <TextLine ID="eSc_line_afb609d1"
                    TAGREFS="LT210"
                    BASELINE="166 1220 940 1240" 
                    HPOS="164"
                    VPOS="1167"
                    WIDTH="776"
                    HEIGHT="82">
            <Shape><Polygon POINTS="695 1187 691 1185 652 1185 650 1185 648 1185 646 1185 634 1193 619 1185 617 1185 597 1183 587 1183 562 1191 527 1181 519 1181 509 1181 487 1189 466 1179 464 1179 462 1179 356 1185 333 1175 323 1175 303 1175 284 1173 264 1173 244 1173 225 1171 205 1171 186 1171 184 1167 166 1167 166 1220 164 1228 231 1230 237 1240 239 1240 239 1242 241 1242 242 1242 244 1242 319 1234 552 1249 554 1249 938 1247 940 1240 940 1197 699 1187 695 1187"/></Shape>
	    <String CONTENT="Pontificis &amp; Cardinalium fortunæ coactæ in angu¬"
                    HPOS="164"
                    VPOS="1167"
                    WIDTH="776"
                    HEIGHT="82"></String>
          </TextLine>

          
          
          <TextLine ID="eSc_line_a8da5ffa"
                    TAGREFS="LT210"
                    BASELINE="166 1269 940 1291" 
                    HPOS="164"
                    VPOS="1220"
                    WIDTH="776"
                    HEIGHT="90">
            <Shape><Polygon POINTS="323 1226 317 1224 276 1224 264 1224 244 1224 225 1222 221 1222 205 1222 186 1222 184 1220 166 1220 166 1269 164 1277 231 1279 239 1291 241 1291 241 1293 242 1293 244 1293 246 1293 248 1293 274 1283 429 1287 442 1298 444 1298 446 1298 448 1298 515 1291 748 1306 750 1306 752 1306 772 1296 889 1310 891 1310 938 1298 940 1291 940 1247 331 1226 323 1226"/></Shape>
	    <String CONTENT="stum forent. Poſtea́  liberati obſidione caſtri An¬"
                    HPOS="164"
                    VPOS="1220"
                    WIDTH="776"
                    HEIGHT="90"></String>
          </TextLine>

          
          
          <TextLine ID="eSc_line_a189f3e9"
                    TAGREFS="LT210"
                    BASELINE="168 1326 272 1322 938 1342" 
                    HPOS="166"
                    VPOS="1273"
                    WIDTH="772"
                    HEIGHT="84">
            <Shape><Polygon POINTS="911 1291 909 1291 907 1291 889 1300 879 1291 877 1291 875 1291 873 1291 815 1296 797 1298 168 1273 168 1326 166 1338 221 1332 252 1342 254 1342 256 1342 299 1334 329 1343 331 1343 333 1343 372 1336 397 1345 399 1345 401 1345 405 1345 493 1340 517 1349 521 1349 523 1349 525 1349 532 1349 579 1342 934 1357 938 1342 938 1300 913 1291 911 1291"/></Shape>
	    <String CONTENT="geli reſpiraſſent, prodierunt communi conſenſu in"
                    HPOS="166"
                    VPOS="1273"
                    WIDTH="772"
                    HEIGHT="84"></String>
          </TextLine>

          
          
          <TextLine ID="eSc_line_75481238"
                    TAGREFS="LT210"
                    BASELINE="166 1371 940 1391" 
                    HPOS="164"
                    VPOS="1324"
                    WIDTH="776"
                    HEIGHT="76">
            <Shape><Polygon POINTS="558 1332 540 1332 503 1338 482 1340 456 1336 395 1326 393 1326 295 1334 280 1334 274 1334 244 1324 244 1324 225 1324 213 1324 166 1330 166 1371 164 1385 936 1400 940 1391 938 1345 715 1345 650 1340 574 1332 558 1332"/></Shape>
	    <String CONTENT="publicum barbati, in recordationem accepti detri¬"
                    HPOS="164"
                    VPOS="1324"
                    WIDTH="776"
                    HEIGHT="76"></String>
          </TextLine>

          
          
          <TextLine ID="eSc_line_e9586534"
                    TAGREFS="LT210"
                    BASELINE="168 1420 940 1441" 
                    HPOS="166"
                    VPOS="1379"
                    WIDTH="774"
                    HEIGHT="78">
            <Shape><Polygon POINTS="168 1420 166 1430 323 1445 936 1457 940 1441 940 1400 168 1379 168 1420"/></Shape>
	    <String CONTENT="menti. Sed quum paulò poſt profectio lmperatoris in"
                    HPOS="166"
                    VPOS="1379"
                    WIDTH="774"
                    HEIGHT="78"></String>
          </TextLine>

          
          
          <TextLine ID="eSc_line_941d54d7"
                    TAGREFS="LT210"
                    BASELINE="168 1469 940 1492" 
                    HPOS="166"
                    VPOS="1422"
                    WIDTH="774"
                    HEIGHT="92">
            <Shape><Polygon POINTS="527 1432 525 1432 511 1436 489 1441 168 1422 168 1469 166 1479 681 1508 683 1508 860 1502 905 1514 907 1514 909 1514 911 1514 938 1502 940 1492 940 1455 862 1441 860 1441 707 1443 619 1445 574 1438 529 1432 527 1432"/></Shape>
	    <String CONTENT="Italiam incidiſſet, Auguſtæ coronæ ſuſcipiendæ cau¬"
                    HPOS="166"
                    VPOS="1422"
                    WIDTH="774"
                    HEIGHT="92"></String>
          </TextLine>

          
          
          <TextLine ID="eSc_line_aafb48db"
                    TAGREFS="LT210"
                    BASELINE="164 1524 940 1543" 
                    HPOS="162"
                    VPOS="1481"
                    WIDTH="778"
                    HEIGHT="72">
            <Shape><Polygon POINTS="785 1488 783 1488 724 1496 709 1498 691 1496 642 1487 640 1487 599 1492 583 1494 476 1494 466 1488 446 1481 444 1481 164 1481 164 1524 162 1539 936 1553 940 1543 940 1504 819 1502 815 1500 787 1488 785 1488"/></Shape>
	    <String CONTENT="ſa, in magnam dubitationem ueniebant: utrum præ¬"
                    HPOS="162"
                    VPOS="1481"
                    WIDTH="778"
                    HEIGHT="72"></String>
          </TextLine>

          
          
          <TextLine ID="eSc_line_3e37b1c6"
                    TAGREFS="LT210"
                    BASELINE="168 1571 940 1594" 
                    HPOS="166"
                    VPOS="1532"
                    WIDTH="774"
                    HEIGHT="72">
            <Shape><Polygon POINTS="168 1571 166 1583 936 1604 940 1594 940 1555 168 1532 168 1571"/></Shape>
	    <String CONTENT="staret ſub aduentu Principis, Canonum eccleſiasti¬"
                    HPOS="166"
                    VPOS="1532"
                    WIDTH="774"
                    HEIGHT="72"></String>
          </TextLine>

          
          
          <TextLine ID="eSc_line_a75354ce"
                    TAGREFS="LT210"
                    BASELINE="168 1620 554 1639 940 1643" 
                    HPOS="166"
                    VPOS="1583"
                    WIDTH="774"
                    HEIGHT="70">
            <Shape><Polygon POINTS="168 1620 166 1630 425 1649 936 1653 940 1643 940 1606 168 1583 168 1620"/></Shape>
	    <String CONTENT="corum obſeruantißimi, ponere uel retinere barbam."
                    HPOS="166"
                    VPOS="1583"
                    WIDTH="774"
                    HEIGHT="70"></String>
          </TextLine>

          
          
          <TextLine ID="eSc_line_7eb5068c"
                    TAGREFS="LT210"
                    BASELINE="170 1671 505 1688 940 1694" 
                    HPOS="168"
                    VPOS="1630"
                    WIDTH="772"
                    HEIGHT="80">
            <Shape><Polygon POINTS="170 1671 168 1680 799 1710 801 1710 938 1702 940 1694 940 1655 170 1630 170 1671"/></Shape>
	    <String CONTENT="Iuuabat retinere in memoriam doloris ſalutis ſuæ"
                    HPOS="168"
                    VPOS="1630"
                    WIDTH="772"
                    HEIGHT="80"></String>
          </TextLine>

          
          
          <TextLine ID="eSc_line_310f38b1"
                    TAGREFS="LT210"
                    BASELINE="168 1726 940 1745" 
                    HPOS="166"
                    VPOS="1677"
                    WIDTH="774"
                    HEIGHT="86">
            <Shape><Polygon POINTS="521 1690 515 1688 168 1677 168 1726 166 1741 785 1763 787 1763 938 1753 940 1745 940 1706 527 1690 521 1690"/></Shape>
	    <String CONTENT="propè pereuntis. Sed ponere exigebat religio Prin¬"
                    HPOS="166"
                    VPOS="1677"
                    WIDTH="774"
                    HEIGHT="86"></String>
          </TextLine>

          
          
          <TextLine ID="eSc_line_3a81c546"
                    TAGREFS="LT210"
                    BASELINE="172 1771 566 1794 940 1798" 
                    HPOS="170"
                    VPOS="1733"
                    WIDTH="770"
                    HEIGHT="91">
            <Shape><Polygon POINTS="920 1759 887 1751 885 1751 883 1751 881 1751 850 1759 834 1749 832 1749 830 1749 828 1749 783 1757 777 1757 760 1755 615 1741 613 1741 611 1741 579 1749 576 1749 572 1749 507 1737 505 1737 462 1745 456 1745 446 1745 386 1733 384 1733 188 1733 172 1767 172 1771 170 1788 197 1800 199 1800 201 1800 258 1792 289 1806 291 1806 293 1806 472 1802 513 1814 515 1814 517 1814 589 1804 670 1820 672 1820 674 1820 721 1808 760 1822 762 1822 800 1824 938 1814 940 1798 938 1790 934 1794"/></Shape>
	    <String CONTENT="cipis, ne qua is noua ſpecie offenderetur in primis"
                    HPOS="170"
                    VPOS="1733"
                    WIDTH="770"
                    HEIGHT="91"></String>
          </TextLine>

          
          
          <TextLine ID="eSc_line_160603b8"
                    TAGREFS="LT210"
                    BASELINE="736 1851 840 1851" 
                    HPOS="734"
                    VPOS="1816"
                    WIDTH="104"
                    HEIGHT="64">
            <Shape><Polygon POINTS="832 1816 813 1816 803 1820 756 1816 754 1816 734 1816 734 1849 734 1867 836 1880 838 1849 834 1816 832 1816"/></Shape>
	    <String CONTENT="A ij"
                    HPOS="734"
                    VPOS="1816"
                    WIDTH="104"
                    HEIGHT="64"></String>
          </TextLine>

          
        </TextBlock>
        
        <TextBlock HPOS="711"
                   VPOS="1813"
                   WIDTH="138"
                   HEIGHT="51"
                   ID="eSc_textblock_4cf6c393"
                   TAGREFS="BT674">
          <Shape><Polygon POINTS="849 1864 849 1813 711 1813 711 1864"/></Shape>
          
        </TextBlock>
        
        <TextBlock HPOS="172"
                   VPOS="631"
                   WIDTH="39"
                   HEIGHT="97"
                   ID="eSc_textblock_b1365eb0"
                   TAGREFS="BT650">
          <Shape><Polygon POINTS="172 631 172 728 211 728 211 631"/></Shape>
          
        </TextBlock>
        

        
      </PrintSpace>
    </Page>
  </Layout>
</alto>
