1545 2351
843 454 280 49 BARBA

631 509 651 68 Panis, ut inſipidi, contempta intercidet eſca,

635 566 660 72 Quam uel frondicomo indutos uelamine, ſiue

633 619 566 60 Contectos cruda laniatæ pelle rapinæ

635 670 655 60 Hæc nos lanicij non cura carenda relinquat.

639 720 533 63 Ille cibo ueluti melius ieiunia quouis

639 762 602 74 Sedat, ſic lana melior non alter amictus,

639 820 649 73 Vincere qui tempeſtatis uim poßit iniquam.

641 871 605 67 Quin & Cyniphij uillis horrentia capri

637 916 588 77 Amittunt tonſu, ſed quæ terra́ mari́

633 967 610 65 Illic militibus proſunt, hic uellera nautis.

639 1016 639 71 Ne tu forti putes lanas hanc ferre caprinas

639 1065 649 73 Frugem, quæ capitur de barbæ meße uirilis.

639 1118 621 69 Hic alia ex alia rerum mihi mentio ſurgit.

641 1169 676 69 Quod uideas uix in tam multis millibus unam,

641 1224 680 74 Quamlibet abiectæ ſortis, quæ protinus omni

639 1277 600 66 Diſcedat nobis à commoditate iuuandis.

639 1322 582 72 Accipe pro non finitis, lætale uenenum

641 1371 719 78 Exemplis, quod non modo non prodeſſe uidetur,

643 1418 733 76 Verumetiam fugitur, quod huic uis tanta nocendi.

641 1479 678 64 Eſt tamen & uirtus ad certas iuncta medelas.

647 1520 770 84 Quin, ꝙ plus facit huc, nulla, aut perpauca uidemus

645 1579 731 66 Fragmenta, & pariter detracta putamina rebus.

648 1624 685 76 Quæ non qualicun, ſuo ſunt commoda pacto

648 1688 636 65 Non opus illato, manifestis, lumine, per ſe,

647 1731 735 65 Hoc addam, quod & exonerati pondera uentris,

650 1780 647 87 Veſicæ́ latex, bonus olim quæſtus odor́,

1258 1818 155 80 Nonnihil
