1546 2351
348 431 412 60 IOANNIS SAPIDI.

152 493 584 81 Nonnihil utilitatis habent, at ſolius ipſa

156 538 721 88 Nequicquàm proſunt miſeræ præſegmina barbæ.

154 589 680 86 Vel ne tergendo, ſit honor ſuus auribus, ano.

152 636 667 75 Aut tu cui ſeruire queant huc adfer, & huius

154 695 619 69 Concedam tibi uictori certaminis herbam,

152 734 655 75 Ni fortaße putes, fructus quod fundat opimi

152 789 641 71 Plus ſatis, in templo ſi cedua barba ſacrato

154 838 578 69 Sit ſuſpenſa, ſuperſtitioſi qualia cultus.

152 887 676 74 Dona quidem nos his oculis conſpeximus ipſi.

154 934 672 80 Hoc addam, prius oblitus, ſi corpus ad ipſum

152 985 757 88 Non hominis mentem ſpectes, & ſi quid habendum

154 1040 663 86 Eſt fidei medicis, ſtante & creſcente ſalutem,

946 1040 276 96 Cõmoda nu¬

158 1091 600 78 Oſſeus è barba gingiuæ percipit ordo.

950 1114 243 81 tritæ Barbę

158 1151 631 63 Quippe ſuperuacuos hinc eliciente fluores,

158 1199 645 60 Quis alitur nutrimentis, ceu gramina riuo.

156 1242 659 76 Et contrà perhibent mentis perſaepe retonſis

156 1295 649 70 Eſſe putres plærum, diu nec ſtare molares.

158 1349 670 73 Non referam quod & æstiuos arcere calores,

158 1391 649 80 Poßit & à facie Scythicum defendere frigus.

160 1455 657 63 Hos, ſi non alios fructus, tamen illa miniſtrat.

160 1496 641 77 Nunc age rurſus, oues an non inſignia tergi

162 1545 574 81 Inuitæ ſua deponunt, pedicis́ ligantur

166 1600 641 80 Quadrupedes, ut dilecto ſpoliantur amictu,

164 1647 615 80 Non ullis unquàm poſituræ ſponte diebus.

168 1696 615 75 Eſt adeo fermè cunctis animantibus ardor

174 1753 543 88 Cuſtodire, ſibi conceßi munera iuris.
