1545 2351
837 454 302 67 BARBA

613 525 618 56 Perſuaſura tuum ſunt exemplaria pectus.

613 566 651 74 Ni morbum tibi forte ſuum inſpirauerit ille

615 621 686 72 Credere qui renuit, triduano functa ſepulchro

617 679 688 57 Corpora iam rurſus rediuíuis excita membris,

613 719 594 76 Inſerto niſi tentaſſet prius indice uulnus.

1215 722 135 63 Thomas

321 752 243 82 Ab Exemplo

613 769 665 67 Dic igitur Chriſtus, uicta ſuper ardua morte

354 815 208 68 CHRISTI.

617 818 661 73 Sydera conſcendens, noſtræ ſpes una ſalutis,

617 879 696 59 An barbam poſuit prius hinc abiturus, an illhic

619 932 659 65 Barbatus ſedet ad patrem, barbatus & inde

619 983 633 55 Huc infernatem iudex remeabit in orbem?

619 1024 639 77 Fertur enim mento flauos habuiſſe capillos,

619 1073 671 69 Sed non & raſiſſe, etiam́ probabile non eſt,

617 1126 649 63 Et conſtat talis, quod ſit rediturus ab aſtris,

619 1183 688 57 Hinc abiens qualis quondam peruenit ad aſtra.

623 1224 600 72 Quid dices ſcio, iudicij niſi falſa ſupremi

619 1287 671 58 Per multas huc uſ manus tot tradita ſœclis

623 1330 582 62 Effigies, forma tibi picta uidetur inani,

621 1387 716 66 Barbatum nobis quæ mittit ab æthere Chriſtum.

621 1428 647 66 At ſatis eſt quod tam ſacro pilus extitit ore.

619 1477 724 66 Huius & haud tantum tulit ora præambulo fœta

621 1532 710 68 Crine, ſed obtexit rigido quo́ membra camelo.

623 1584 737 69 Quid memorem, faſce ut multos complectar eodẽ.

621 1635 625 59 Quis commiſſa fuit toto prouincia mundo

619 1684 582 61 Diuulgare ſalutaris bona nuncia gaudi

619 1741 718 69 Hij, dubium non eſt, quin crinibus integra ſaluis

617 1788 602 81 Seruarunt ſpecioſa ſuis inſignia mentis.

1264 1831 133 85 Næ non
