1546 2351
344 438 402 63 IOANNIS SAPIDI.

172 489 615 86 Næ non fœciſſent, niſi pluſquàm talia ſeſe

174 542 737 77 Digna quidem ſciſſent, munus́ decere receptum.

174 591 764 84 Proinde uides, plerun quod hij quos inclyta uirtus

172 650 619 70 Mouit, & ad ſummæ uexit faſtigia laudis,

174 701 556 65 Aut ſacer adflauit diuini ſpiritus oris,

172 748 678 70 Mentigenis ſemper ſtudium intendiſſe capillis,

176 793 650 70 Vt́ ſacramentum ſibi ſuſpexiſſe colendum.

174 842 768 80 Proinde uides hominum proceres, diuos́ reprendi,

174 889 688 90 Dum barbam ſpernis ſexus decora alta uirilis,

174 942 629 76 Hoc opus artificis tantum mirabile ſummi,

176 1001 717 70 Quantum quod aliud res inter cernitur omnes.

178 1044 641 74 Vt́ ſciens hic ſis, pœnas deus ibit in acreis.

176 1095 680 76 Ob ſcelus infandum contempti muneris abs te.

174 1148 582 74 Sed cur imprudens aliena negocia curo,

174 1204 684 71 Tu tibi conſule, res ſummo tua proxima damno

178 1251 682 71 Vertitur, ipſe ſequar breuibus reſtantia uerbis.

172 1306 696 67 Iam quis neſciat & barbam laudare, quod inde

926 1281 300 106 Ab ipso nomine

174 1347 654 77 Nomenclaturam capit haud ignobilis herba.

174 1402 748 81 Piſcis & hac liquidum mutus nat uoce per amnem,

180 1453 676 82 Tum quo uenturos minitantia ſydera caſus:

178 1512 684 72 Sed uiſu rara, hinc pariter ſua nomina ducunt.

178 1555 725 82 Fertur habere grauem nimbis & nubibus Auster.

178 1606 617 78 Saturnus́ ſuo prolixam emittere mento.

182 1659 697 76 Quid quod & infernus, uates ſi uera loquuntur,

182 1710 646 82 Nauita, quem dicunt umbras exponere ripa

184 1761 609 92 Exangues Stygia, res eſt nimis alta relatu.

742 1839 106 59 E 5
