1546 2351
319 446 404 49 IOANNIS SAPIDI

156 497 708 82 Quæ punctis ſemel abſoluit res omnibus omnes,

154 554 702 70 Sordet & hic ſaltem non circumſpecta uidetur,

154 603 653 70 Demite ſed uobis redeuntem demite barbam

156 654 700 74 Inuitis, hanc, quam, ſi Dijs placet, ardua ceruix

154 705 670 72 Atlantis uix ferre queat, ſuſtentat Olympum,

158 756 694 62 Qui totum tamen, ut fama eſt, deponite molem.

158 801 539 68 Vos igitur ſpretis naturæ legibus ite,

156 844 657 78 Et ſinite abradi, ueſtro ſacra myſtica mento.

158 899 563 74 Calcari pedibus, ſcopis, mitti́ coacta

154 948 580 72 In fœdas, alia ut reiectamenta cloacas.

158 1003 619 70 Aut, mage ſi uultis, iuglandis adurite duro

160 1050 633 80 Cortice maxillas, Siculi pro more Tyranni,

160 1101 578 74 Diffiſi iugulum tonstrici credere natæ,

160 1155 623 75 Quem, ne te lateant ſcelerati premia facti,

160 1206 727 79 Propter barbatæ ſtatuæ quod dempſerat, aurum,

158 1255 719 77 Pœna grauis, patria depulſa in prole, ſequuta eſt.

158 1308 619 71 Aut, ne non ſit honos ſpoliatis ore capillis,

160 1359 602 65 Romanæ potius pro conſuetudine pubis,

160 1406 608 73 Ferte capillari ſuſpenſos arbore Phœbo,

158 1457 614 71 Siue Ioui comptos gemmis auri́ metallo.

162 1508 639 71 Vt perhibent illaudatum fœciſſe Neronem.

162 1557 743 92 Tu quo, quàm uellem hic aliquid, ſed dicere pergã

160 1606 676 88 Pace tamen ueſtra præſentum, tu quo, ſi uis,

160 1659 576 84 Et tibi non ſatis eſt oris raſura nitentis,

166 1708 666 86 Tondendos potes & genitales tradere crines,

164 1763 684 100 Me tamen, impoſito quo tandem fine quieſcam

795 1829 131 77 Intonſæ
