1545 2351
625 438 770 83 Antiſtitib. rei Chriſtianæ. Dicebãtur uariæ ſentẽtiæ.

621 479 776 87 Ioan Pierius postulatus ne Conſultor: quia bonas li¬

623 534 774 83 teras prælegebat Hippolyto Medici Cardinali, ne¬

627 579 772 96 poti Pontificis: an ultrò cauſæ acceſſerit neſcio:exiſti

627 630 776 100 mauit tamen partes eas etiã ſuas eſſe, dicere ſenten¬

629 679 774 92 tiam, quid ſibi ſequendum ſuper barba uideretur, ui

633 734 770 100 ſus́ eſt præſtitiſſe, quod Pontifex & Cardinales bar

631 793 774 88 bam cõmuniter retinerent, habentes orationẽ eam,

633 836 774 96 quam Imperatori ſatisfactionem pro ſe offerrent, ſi

633 891 776 84 uti offenſus uideretur. Debebit oratio ea tanto gra

631 934 780 92 tior, grauior́ uideri tibi, quod è re conceptã intel¬

633 993 780 82 ligis, & non ad luſum at inutilem ingenij ostenta¬

637 1034 776 98 tionem. Porrò nõ putaui me temerè facturũ, ſi Syluã

637 1091 778 82 epiſtolarem loan. Sapidi ueteris mei amici huic ora¬

637 1138 780 100 tioni adijcerem, tum quod non admodum à præſenti

641 1197 770 88 argumento abludat, tum quod feſtiuitas materiæ &

641 1249 778 79 carminis elegantia, non parum oblectationis conci¬

641 1291 780 86 liabit lectori, quod ille octauo ab hinc anno poſt occi

641 1340 782 96 ſionem ruſticanam, ad Paulum Volſium Hugonis, ut

647 1402 770 81 uocant, Curiæ Abbatem, inſignis & probitatis &

647 1443 778 94 famæ uirũ conſcripſit, id quod eo libentius feci, quod

648 1496 781 92 ſcirem te Sapidicis uerſiculis plurimũ teneri, tu iam

648 1551 777 88 bonam animi mei erga te uoluntatem fac boni conſu¬

703 1606 696 78 las. Vale tui Materni, ut facis, perpetuo memor.

786 1651 521 94 Pridie Calendas Februarij. Anno

868 1716 351 68 M. D. XXXIIII.
