1546 2351
358 438 398 57 IOANNIS SAPIDI.

184 495 734 82 Non equidem temere est ſolitũ quod dicere uulgus,

188 552 691 80 Quam uocem immittis ſiluæ, tibi ſilua remittit.

184 593 588 90 Oribus hirſutis æquus́ bonus́ fuiſſes,

182 644 646 78 Et cultus melius mentorum audire apud me.

180 695 666 80 Nec foret orta mihi iam controuerſia tecum,

182 748 687 78 Quæ tibi, quàm par ſit, uiolentor eſſe uidetur.

182 801 705 76 Sed, quoniam nos huc te ſubmonitore uocamur,

178 846 599 72 Et mihi non animo tali perſuaſus abibis,

178 897 601 80 Res tandem poſito peragetur ſeria ludo.

180 946 648 78 At́ ut eam paucis teneas, diſcrimen haberi

182 991 646 88 Vſibus in rerum neutris, non debet, & unde

178 1042 570 92 Nil patitur detrimenti ciuilis honeſtas.

180 1093 611 84 Sed fieri ſiue omitti ſine crimine poſſunt.

182 1146 727 96 Hinc ſeu ſtet, ſeu barba cadat, nihil inde redundat

184 1195 740 92 Offenſæ in quicquã, penes eſt quod quemlibet æqua

178 1255 578 69 Eius paſcendæ detondendæ úe poteſtas.

178 1295 639 86 Inſuper ut nobis proſit tonſura reperta eſt,

180 1355 670 83 Quales at́ altæ, quas prouida repperit artes

170 1400 527 81 Ingenij uirtus, naturæ fida ministra.

174 1455 615 75 Nam ueluti Phœbe proles Latonia fratri

834 1459 132 73 A simili

176 1502 688 86 Obſequium præſtans, conceſſæ lumina flammæ

178 1563 701 84 Luce carens propria, latum diffundit in orbem,

176 1608 697 86 Profectum́ facit peregrino munere magnum

176 1651 699 92 Rebus in omnigenis, ſic ars quo dotibus, alma

178 1718 658 74 Quas natura dedit, ſtudio ſubſeruit ab omni

184 1759 637 100 Quo ſint plus habiles nobis, aptæ́ fruendi.

848 1849 92 59 Arte
