1546 2351
329 407 405 61 IOANNIS SAPIDI.

158 462 574 84 Vidiſſet, ſua tum uelli, qui uellere pauló

154 517 547 76 Ante tui uoluit crinilia ſemina menti.

154 568 665 80 Iam grata ut fuerit, riſus & fabula quantam

154 617 651 84 Materiam menſa ſimul accumbentibus una,

154 664 739 88 Omnibus hæc dederit, non est quod ruſtica credat

152 715 717 86 Simplicitas, quamuis facileis accommodet aureis,

152 769 618 69 Et quo figmento quouis capiatur anili.

152 815 670 82 Ipſe quidem ſcribens hæc rideo, ridet Apollo,

150 869 659 75 Et Muſæ iam dictantes mihi carmina rident.

150 920 698 75 Hoc igitur, non immemores quid amicus amico

150 965 718 92 Debeat, eſt bellum contra quod geßimuis hoſtem

150 1018 659 86 Paule tuum, quod collatis ſine ſanguine fuſo

150 1065 645 83 Signis, non armis manuum, ſed uocis adorti

154 1112 574 88 Vicimus. O ſi nunc uſuram copia fandi

150 1159 610 94 Illa ſui daret, in noſtras arguta Camænas,

150 1222 702 84 Qua mureis ſimul & ranas armauit Homerus,

152 1273 696 80 Aut qua, non Latio minor ille Pericle Batauus,

144 1314 624 84 Perſuaſit, quod fœlici dulcedine, quidquid

146 1363 635 90 Nos mortale ſumus, toto moremur in orbe,

146 1414 653 88 Hic ego de barbis agerem non laude minori,

150 1473 743 94 Quam caluam quæ concelebrant præconia frontẽ.

150 1518 641 94 Verum quod me Muſa, uetans ſublimius ire,

146 1571 665 94 Infirmum pennas, humileis uolitare per oras

148 1620 559 86 Aurai iubet, & uicinum ludere terræ,

154 1669 631 96 Cognitor ipſe mei moduli, nil uiribus impar

152 1727 692 89 Aggrediar paruis, ſed ad intercæpta reuertar.

150 1769 610 105 Hic ubi iam nullo uertiſſet terga fugante,
