<?xml version="1.0" encoding="UTF-8"?>
<alto xmlns:xsi="http://www.w3.org/2001/XMLSchema-instance"
      xmlns="http://www.loc.gov/standards/alto/ns-v4#"
      xsi:schemaLocation="http://www.loc.gov/standards/alto/ns-v4# http://www.loc.gov/standards/alto/v4/alto-4-2.xsd">
  <Description>
    <MeasurementUnit>pixel</MeasurementUnit>
    <sourceImageInformation>
      <fileName>83_5edd8_default.jpg</fileName>
      
    </sourceImageInformation>
  </Description>
  
  <Tags>
    <OtherTag ID="BT650" LABEL="DropCapitalZone" DESCRIPTION="block type DropCapitalZone"/><OtherTag ID="BT651" LABEL="MainZone" DESCRIPTION="block type MainZone"/><OtherTag ID="BT652" LABEL="MarginTextZone" DESCRIPTION="block type MarginTextZone"/><OtherTag ID="BT653" LABEL="NumberingZone" DESCRIPTION="block type NumberingZone"/><OtherTag ID="BT654" LABEL="RunningTitleZone" DESCRIPTION="block type RunningTitleZone"/><OtherTag ID="BT655" LABEL="TitlePageZone" DESCRIPTION="block type TitlePageZone"/><OtherTag ID="BT673" LABEL="GraphicZone" DESCRIPTION="block type GraphicZone"/><OtherTag ID="BT674" LABEL="QuireMarksZone" DESCRIPTION="block type QuireMarksZone"/>
    <OtherTag ID="LT210" LABEL="DefaultLine" DESCRIPTION="line type DefaultLine"/><OtherTag ID="LT211" LABEL="DropCapitalLine" DESCRIPTION="line type DropCapitalLine"/><OtherTag ID="LT212" LABEL="InterlinearLine" DESCRIPTION="line type InterlinearLine"/><OtherTag ID="LT213" LABEL="HeadingLine" DESCRIPTION="line type HeadingLine"/>
  </Tags>
  
  <Layout>
    <Page WIDTH="1545"
          HEIGHT="2351"
          PHYSICAL_IMG_NR="79"
          ID="eSc_dummypage_">
      <PrintSpace HPOS="0"
                  VPOS="0"
                  WIDTH="1545"
                  HEIGHT="2351">
        
        <TextBlock HPOS="628.0"
                   VPOS="485.0"
                   WIDTH="797.0"
                   HEIGHT="1332.0"
                   ID="eSc_textblock_b0ed6148"
                   TAGREFS="BT651">
          <Shape><Polygon POINTS="1268 485 1260 617 1315 650 1284 726 1425 799 1417 836 1339 862 1370 1048 1315 1104 1378 1151 1354 1236 1401 1416 1323 1502 1362 1551 1354 1776 1419 1800 1223 1800 1223 1807 1235 1807 1235 1817 1191 1817 1190 1816 650 1816 628 1063 633 1063 633 1065 645 1065 645 956 635 956 635 509 819 485"/></Shape>
          
          
          <TextLine ID="eSc_line_ebeee916"
                    TAGREFS="LT210"
                    BASELINE="878 463 1127 458" 
                    HPOS="874"
                    VPOS="401"
                    WIDTH="251"
                    HEIGHT="77">
            <Shape><Polygon POINTS="876 462 876 478 1123 478 1125 456 1119 401 874 403 876 462"/></Shape>
	    <String CONTENT="BARBA"
                    HPOS="874"
                    VPOS="401"
                    WIDTH="251"
                    HEIGHT="77"></String>
          </TextLine>

          
          
          <TextLine ID="eSc_line_48e77f0d"
                    TAGREFS="LT210"
                    BASELINE="637 540 1274 523" 
                    HPOS="635"
                    VPOS="470"
                    WIDTH="639"
                    HEIGHT="84">
            <Shape><Polygon POINTS="1262 499 1243 485 1223 485 1203 485 1184 485 1164 485 1145 485 1131 470 1080 472 1078 472 1076 472 1070 478 1060 483 960 481 815 479 811 485 792 487 778 489 778 491 774 489 772 491 752 493 733 495 713 497 694 501 674 503 654 505 635 507 637 540 637 554 1272 530 1274 523 1268 470 1260 470 1262 499"/></Shape>
	    <String CONTENT="At ſimul placiti multa cum nocte ſoporis"
                    HPOS="635"
                    VPOS="470"
                    WIDTH="639"
                    HEIGHT="84"></String>
          </TextLine>

          
          
          <TextLine ID="eSc_line_0c7135ff"
                    TAGREFS="LT210"
                    BASELINE="641 593 1254 572" 
                    HPOS="639"
                    VPOS="527"
                    WIDTH="615"
                    HEIGHT="78">
            <Shape><Polygon POINTS="1127 528 1107 528 1088 528 1068 528 1060 528 1025 536 835 536 815 536 796 536 776 538 756 538 747 538 639 550 641 593 641 605 1254 577 1254 572 1250 530 1145 527 1127 528"/></Shape>
	    <String CONTENT="Aurea uis aderat, nobis ſuadentibus illam"
                    HPOS="639"
                    VPOS="527"
                    WIDTH="615"
                    HEIGHT="78"></String>
          </TextLine>

          
          
          <TextLine ID="eSc_line_04bf58f2"
                    TAGREFS="LT210"
                    BASELINE="641 642 1239 624" 
                    HPOS="639"
                    VPOS="574"
                    WIDTH="600"
                    HEIGHT="80">
            <Shape><Polygon POINTS="1188 575 1168 575 1158 575 1150 581 1039 579 1031 581 1011 581 992 581 972 583 952 583 933 583 913 585 894 585 874 585 854 587 835 587 815 587 796 589 776 589 770 589 639 597 641 642 641 654 1239 634 1239 624 1235 581 1192 574 1188 575"/></Shape>
	    <String CONTENT="Hinc feßis oculis, illinc labentibus aſtris."
                    HPOS="639"
                    VPOS="574"
                    WIDTH="600"
                    HEIGHT="80"></String>
          </TextLine>

          
          
          <TextLine ID="eSc_line_49aeeab7"
                    TAGREFS="LT210"
                    BASELINE="641 693 958 679 1301 675" 
                    HPOS="639"
                    VPOS="634"
                    WIDTH="662"
                    HEIGHT="65">
            <Shape><Polygon POINTS="1286 634 972 634 952 634 933 634 913 634 894 636 876 636 860 644 819 638 815 638 796 638 782 638 639 650 641 693 641 699 1299 687 1301 675 1299 671 1286 634"/></Shape>
	    <String CONTENT="Surgimus, in uicem bene fortunata precati,"
                    HPOS="639"
                    VPOS="634"
                    WIDTH="662"
                    HEIGHT="65"></String>
          </TextLine>

          
          
          <TextLine ID="eSc_line_888d945c"
                    TAGREFS="LT210"
                    BASELINE="641 742 1264 724" 
                    HPOS="639"
                    VPOS="679"
                    WIDTH="625"
                    HEIGHT="69">
            <Shape><Polygon POINTS="1109 679 1090 679 1070 679 1050 679 1045 679 1031 689 850 695 845 695 805 687 796 687 784 687 758 697 733 689 717 691 713 691 703 699 680 691 678 693 658 693 652 693 639 699 641 742 641 748 1264 730 1264 724 1260 683 1123 679 1109 679"/></Shape>
	    <String CONTENT="Omina nocturnæ nos tempeſtatis, abimus."
                    HPOS="639"
                    VPOS="679"
                    WIDTH="625"
                    HEIGHT="69"></String>
          </TextLine>

          
          
          <TextLine ID="eSc_line_c91aa289"
                    TAGREFS="LT210"
                    BASELINE="641 795 1331 775" 
                    HPOS="639"
                    VPOS="732"
                    WIDTH="692"
                    HEIGHT="75">
            <Shape><Polygon POINTS="1305 738 1294 732 639 750 641 795 641 807 1331 787 1331 775 1317 744 1305 738"/></Shape>
	    <String CONTENT="Hæc recito, non ut mihi Paule dolore graueris,"
                    HPOS="639"
                    VPOS="732"
                    WIDTH="692"
                    HEIGHT="75"></String>
          </TextLine>

          
          
          <TextLine ID="eSc_line_c401eecb"
                    TAGREFS="LT210"
                    BASELINE="643 846 1417 822" 
                    HPOS="641"
                    VPOS="777"
                    WIDTH="776"
                    HEIGHT="81">
            <Shape><Polygon POINTS="1405 789 1388 779 1252 777 1248 779 1229 779 1209 779 1190 781 1170 781 1150 781 1145 787 1143 787 1070 783 1052 785 1033 785 1013 785 994 785 974 787 954 787 935 787 915 789 896 789 886 789 641 801 643 846 643 858 1415 836 1417 822 1415 815 1405 789"/></Shape>
	    <String CONTENT="Si́ uelim, tamen haud poßim, quod iam tibi pridem"
                    HPOS="641"
                    VPOS="777"
                    WIDTH="776"
                    HEIGHT="81"></String>
          </TextLine>

          
          
          <TextLine ID="eSc_line_aed0491e"
                    TAGREFS="LT210"
                    BASELINE="641 897 1313 877" 
                    HPOS="639"
                    VPOS="828"
                    WIDTH="674"
                    HEIGHT="75">
            <Shape><Polygon POINTS="1241 828 1196 838 1194 838 1184 830 1168 830 1148 832 1133 832 1025 842 970 848 872 848 866 846 854 840 835 842 815 842 796 842 786 842 756 842 756 844 754 844 639 850 641 897 641 903 1313 891 1313 877 1309 836 1243 828 1241 828"/></Shape>
	    <String CONTENT="Hic animus fuit euentum qui durat ad omnem,"
                    HPOS="639"
                    VPOS="828"
                    WIDTH="674"
                    HEIGHT="75"></String>
          </TextLine>

          
          
          <TextLine ID="eSc_line_7464df1d"
                    TAGREFS="LT210"
                    BASELINE="643 948 1317 924" 
                    HPOS="641"
                    VPOS="879"
                    WIDTH="676"
                    HEIGHT="79">
            <Shape><Polygon POINTS="1266 879 1246 879 1237 885 1111 885 1092 885 1072 885 1052 885 1033 887 1013 887 994 887 974 889 956 889 911 897 876 891 876 891 856 891 852 891 807 901 711 895 699 897 686 897 641 907 643 948 643 958 1315 932 1317 924 1313 885 1280 879 1266 879"/></Shape>
	    <String CONTENT="Callus ut amittens detritum tempore ſenſum."
                    HPOS="641"
                    VPOS="879"
                    WIDTH="676"
                    HEIGHT="79"></String>
          </TextLine>

          
          
          <TextLine ID="eSc_line_4527be03"
                    TAGREFS="LT210"
                    BASELINE="331 993 643 997" 
                    HPOS="327"
                    VPOS="946"
                    WIDTH="314"
                    HEIGHT="68">
            <Shape><Polygon POINTS="329 991 327 1010 637 1014 641 995 637 952 490 965 329 946 329 991"/></Shape>
	    <String CONTENT="P- nœ mmvva luœx,"
                    HPOS="327"
                    VPOS="946"
                    WIDTH="314"
                    HEIGHT="68"></String>
          </TextLine>

          
          
          <TextLine ID="eSc_line_9f8aeeb9"
                    TAGREFS="LT210"
                    BASELINE="651 997 682 997 1356 977" 
                    HPOS="648"
                    VPOS="934"
                    WIDTH="706"
                    HEIGHT="74">
            <Shape><Polygon POINTS="650 995 650 1008 1354 985 1354 975 1348 934 648 954 650 995"/></Shape>
	    <String CONTENT="Quin rides, quaſi me murem parientibus ortum"
                    HPOS="648"
                    VPOS="934"
                    WIDTH="706"
                    HEIGHT="74"></String>
          </TextLine>

          
          
          <TextLine ID="eSc_line_f828b7cd"
                    TAGREFS="LT210"
                    BASELINE="350 1042 531 1046" 
                    HPOS="348"
                    VPOS="1001"
                    WIDTH="183"
                    HEIGHT="64">
            <Shape><Polygon POINTS="350 1042 348 1054 527 1065 531 1046 527 1001 350 1007 350 1042"/></Shape>
	    <String CONTENT="&amp;"
                    HPOS="348"
                    VPOS="1001"
                    WIDTH="183"
                    HEIGHT="64"></String>
          </TextLine>

          
          
          <TextLine ID="eSc_line_d7b7f6bc"
                    TAGREFS="LT210"
                    BASELINE="641 1046 1360 1028" 
                    HPOS="639"
                    VPOS="987"
                    WIDTH="721"
                    HEIGHT="72">
            <Shape><Polygon POINTS="1348 987 1070 987 1050 987 1031 987 1011 989 992 989 972 989 952 989 933 991 913 991 894 991 874 993 854 993 835 993 815 995 796 995 776 995 768 995 639 1003 641 1046 641 1059 1203 1040 1209 1040 1264 1048 1266 1048 1268 1048 1270 1048 1282 1038 1343 1046 1345 1046 1346 1046 1348 1046 1360 1036 1360 1028 1356 1003 1348 987"/></Shape>
	    <String CONTENT="Montibus adſpicias, bene habet, ſcribo illius ergo"
                    HPOS="639"
                    VPOS="987"
                    WIDTH="721"
                    HEIGHT="72"></String>
          </TextLine>

          
          
          <TextLine ID="eSc_line_d88bdcc7"
                    TAGREFS="LT210"
                    BASELINE="647 1095 1174 1079 1303 1083" 
                    HPOS="645"
                    VPOS="1038"
                    WIDTH="658"
                    HEIGHT="65">
            <Shape><Polygon POINTS="647 1095 647 1103 1301 1093 1303 1083 1299 1038 645 1054 647 1095"/></Shape>
	    <String CONTENT="Vt plenum tetrica uultum grauitate leuares,"
                    HPOS="645"
                    VPOS="1038"
                    WIDTH="658"
                    HEIGHT="65"></String>
          </TextLine>

          
          
          <TextLine ID="eSc_line_319b7ef3"
                    TAGREFS="LT210"
                    BASELINE="647 1148 1256 1126" 
                    HPOS="645"
                    VPOS="1081"
                    WIDTH="611"
                    HEIGHT="78">
            <Shape><Polygon POINTS="1172 1081 1152 1081 1146 1081 1139 1089 937 1087 935 1087 752 1103 666 1097 664 1097 662 1097 645 1104 647 1148 647 1159 1254 1134 1256 1126 1252 1087 1180 1081 1172 1081"/></Shape>
	    <String CONTENT="Si legeres noſtra nugas leuitate refertas."
                    HPOS="645"
                    VPOS="1081"
                    WIDTH="611"
                    HEIGHT="78"></String>
          </TextLine>

          
          
          <TextLine ID="eSc_line_d9a5e8b7"
                    TAGREFS="LT210"
                    BASELINE="648 1199 1364 1177" 
                    HPOS="647"
                    VPOS="1136"
                    WIDTH="717"
                    HEIGHT="70">
            <Shape><Polygon POINTS="1354 1136 647 1151 648 1199 648 1206 1362 1187 1364 1177 1358 1138 1354 1136"/></Shape>
	    <String CONTENT="Nunc ſubit in mentem pariter quod ſcire uolo te."
                    HPOS="647"
                    VPOS="1136"
                    WIDTH="717"
                    HEIGHT="70"></String>
          </TextLine>

          
          
          <TextLine ID="eSc_line_a3377a3e"
                    TAGREFS="LT210"
                    BASELINE="647 1249 1315 1232" 
                    HPOS="645"
                    VPOS="1179"
                    WIDTH="670"
                    HEIGHT="84">
            <Shape><Polygon POINTS="1292 1181 1272 1181 1256 1181 1248 1181 1233 1183 1213 1183 1205 1183 645 1202 647 1249 647 1263 1315 1238 1315 1232 1309 1179 1292 1181"/></Shape>
	    <String CONTENT="Nos tres &amp; Spegellius &amp; Rhenanus, &amp; ipſe"
                    HPOS="645"
                    VPOS="1179"
                    WIDTH="670"
                    HEIGHT="84"></String>
          </TextLine>

          
          
          <TextLine ID="eSc_line_1c2c7873"
                    TAGREFS="LT210"
                    BASELINE="648 1300 1350 1283" 
                    HPOS="647"
                    VPOS="1242"
                    WIDTH="703"
                    HEIGHT="72">
            <Shape><Polygon POINTS="648 1300 648 1314 1350 1289 1350 1283 1345 1242 647 1255 648 1300"/></Shape>
	    <String CONTENT="Vecti nuper equis, ad Aprinam uenimus ædem,"
                    HPOS="647"
                    VPOS="1242"
                    WIDTH="703"
                    HEIGHT="72"></String>
          </TextLine>

          
          
          <TextLine ID="eSc_line_483bb9e1"
                    TAGREFS="LT210"
                    BASELINE="650 1349 1368 1332" 
                    HPOS="648"
                    VPOS="1291"
                    WIDTH="720"
                    HEIGHT="72">
            <Shape><Polygon POINTS="650 1349 650 1363 1366 1340 1368 1332 1362 1291 648 1306 650 1349"/></Shape>
	    <String CONTENT="Eſſe locum antiquo Nouientum nomine fama eſt."
                    HPOS="648"
                    VPOS="1291"
                    WIDTH="720"
                    HEIGHT="72"></String>
          </TextLine>

          
          
          <TextLine ID="eSc_line_1cbe526f"
                    TAGREFS="LT210"
                    BASELINE="650 1404 1223 1387" 
                    HPOS="648"
                    VPOS="1342"
                    WIDTH="575"
                    HEIGHT="68">
            <Shape><Polygon POINTS="962 1343 943 1343 935 1343 648 1361 650 1404 650 1410 1223 1400 1223 1387 1219 1345 978 1342 962 1343"/></Shape>
	    <String CONTENT="Viſendi ueteres capti dulcedine libros,"
                    HPOS="648"
                    VPOS="1342"
                    WIDTH="575"
                    HEIGHT="68"></String>
          </TextLine>

          
          
          <TextLine ID="eSc_line_ae75f51d"
                    TAGREFS="LT210"
                    BASELINE="648 1455 1390 1432" 
                    HPOS="647"
                    VPOS="1387"
                    WIDTH="743"
                    HEIGHT="84">
            <Shape><Polygon POINTS="1380 1387 647 1412 648 1455 648 1471 1390 1441 1390 1432 1388 1428 1380 1387"/></Shape>
	    <String CONTENT="Quos ego proximo abinc anno, uix arte receptos"
                    HPOS="647"
                    VPOS="1387"
                    WIDTH="743"
                    HEIGHT="84"></String>
          </TextLine>

          
          
          <TextLine ID="eSc_line_d340ccec"
                    TAGREFS="LT210"
                    BASELINE="648 1502 1290 1485" 
                    HPOS="647"
                    VPOS="1439"
                    WIDTH="643"
                    HEIGHT="71">
            <Shape><Polygon POINTS="1176 1439 1156 1439 1137 1441 1117 1441 1097 1441 1078 1443 1060 1443 1056 1447 1054 1451 972 1451 970 1451 956 1445 941 1447 927 1447 913 1453 905 1447 901 1447 882 1449 880 1449 872 1453 847 1449 843 1449 823 1451 803 1451 801 1451 788 1457 786 1457 768 1451 764 1453 745 1453 725 1453 705 1455 694 1455 647 1461 648 1502 648 1510 1290 1490 1290 1485 1286 1441 1180 1439 1176 1439"/></Shape>
	    <String CONTENT="Agreſtum è furijs nil non uaſtantibus illhic"
                    HPOS="647"
                    VPOS="1439"
                    WIDTH="643"
                    HEIGHT="71"></String>
          </TextLine>

          
          
          <TextLine ID="eSc_line_26fcc1b2"
                    TAGREFS="LT210"
                    BASELINE="648 1553 1311 1532" 
                    HPOS="647"
                    VPOS="1490"
                    WIDTH="664"
                    HEIGHT="81">
            <Shape><Polygon POINTS="648 1553 648 1561 705 1571 707 1571 831 1555 1250 1553 1311 1539 1311 1532 1305 1490 647 1510 648 1553"/></Shape>
	    <String CONTENT="Obſcuræ abdideram ſedi: ſed neſcio quis fur"
                    HPOS="647"
                    VPOS="1490"
                    WIDTH="664"
                    HEIGHT="81"></String>
          </TextLine>

          
          
          <TextLine ID="eSc_line_91d69a1d"
                    TAGREFS="LT210"
                    BASELINE="652 1608 1354 1584" 
                    HPOS="650"
                    VPOS="1534"
                    WIDTH="704"
                    HEIGHT="88">
            <Shape><Polygon POINTS="941 1545 939 1545 923 1555 719 1553 717 1553 650 1565 652 1608 652 1622 1352 1590 1354 1584 1352 1543 1317 1534 1315 1534 1313 1534 1174 1547 945 1545 943 1545 941 1545"/></Shape>
	    <String CONTENT="Quis genius úe malus, raptos ſubtraxerit inde:"
                    HPOS="650"
                    VPOS="1534"
                    WIDTH="704"
                    HEIGHT="88"></String>
          </TextLine>

          
          
          <TextLine ID="eSc_line_fdf6707c"
                    TAGREFS="LT210"
                    BASELINE="650 1655 1335 1637" 
                    HPOS="648"
                    VPOS="1586"
                    WIDTH="687"
                    HEIGHT="79">
            <Shape><Polygon POINTS="1315 1586 1295 1586 1276 1588 1256 1588 1237 1590 1217 1590 1197 1590 1178 1592 1158 1592 1139 1592 1119 1594 1099 1594 1080 1594 1060 1596 1041 1596 1021 1596 1001 1598 982 1598 962 1598 943 1600 923 1600 907 1600 899 1600 884 1602 864 1602 854 1602 837 1602 825 1604 805 1604 801 1604 774 1604 766 1606 748 1606 713 1606 707 1608 696 1608 648 1608 650 1655 650 1665 1335 1649 1335 1637 1329 1586 1315 1586"/></Shape>
	    <String CONTENT="Nam non inuenti, ne uel puluiſculus horum."
                    HPOS="648"
                    VPOS="1586"
                    WIDTH="687"
                    HEIGHT="79"></String>
          </TextLine>

          
          
          <TextLine ID="eSc_line_2228973d"
                    TAGREFS="LT210"
                    BASELINE="650 1708 1337 1686" 
                    HPOS="648"
                    VPOS="1643"
                    WIDTH="689"
                    HEIGHT="73">
            <Shape><Polygon POINTS="650 1708 650 1716 1337 1698 1337 1686 1331 1643 648 1665 650 1708"/></Shape>
	    <String CONTENT="Ergo parum læti, partim quod perdita noſtræ"
                    HPOS="648"
                    VPOS="1643"
                    WIDTH="689"
                    HEIGHT="73"></String>
          </TextLine>

          
          
          <TextLine ID="eSc_line_04d4928b"
                    TAGREFS="LT210"
                    BASELINE="650 1757 1358 1735" 
                    HPOS="648"
                    VPOS="1696"
                    WIDTH="710"
                    HEIGHT="71">
            <Shape><Polygon POINTS="1354 1729 1337 1696 1080 1696 1060 1696 1041 1696 1021 1698 1001 1698 982 1698 962 1698 943 1700 923 1700 919 1700 772 1712 705 1708 688 1708 668 1708 664 1708 648 1714 650 1757 650 1767 1356 1749 1358 1735 1354 1724 1354 1729"/></Shape>
	    <String CONTENT="Cura operæ, partim ſtudijs iactura quod ingens"
                    HPOS="648"
                    VPOS="1696"
                    WIDTH="710"
                    HEIGHT="71"></String>
          </TextLine>

          
          
          <TextLine ID="eSc_line_c15e8b32"
                    TAGREFS="LT210"
                    BASELINE="652 1810 1325 1786" 
                    HPOS="650"
                    VPOS="1737"
                    WIDTH="675"
                    HEIGHT="85">
            <Shape><Polygon POINTS="1276 1739 1256 1739 1246 1739 1207 1747 1037 1745 1021 1747 1001 1747 990 1747 982 1755 784 1753 768 1755 748 1755 745 1755 650 1767 652 1810 652 1822 988 1822 988 1820 1325 1796 1325 1786 1321 1745 1284 1737 1276 1739"/></Shape>
	    <String CONTENT="Facta foret, celeres rurſum diſcedimus illhinc"
                    HPOS="650"
                    VPOS="1737"
                    WIDTH="675"
                    HEIGHT="85"></String>
          </TextLine>

          
          
          <TextLine ID="eSc_line_eac71284"
                    TAGREFS="LT210"
                    BASELINE="1246 1841 1419 1831" 
                    HPOS="1243"
                    VPOS="1778"
                    WIDTH="176"
                    HEIGHT="96">
            <Shape><Polygon POINTS="1399 1794 1380 1786 1374 1782 1346 1778 1345 1778 1343 1778 1341 1778 1341 1780 1339 1780 1335 1788 1321 1786 1321 1788 1301 1788 1282 1788 1262 1790 1260 1790 1243 1796 1246 1841 1246 1853 1311 1874 1313 1874 1315 1874 1317 1874 1419 1843 1419 1831 1411 1810 1399 1794"/></Shape>
	    <String CONTENT="Sleſtadium"
                    HPOS="1243"
                    VPOS="1778"
                    WIDTH="176"
                    HEIGHT="96"></String>
          </TextLine>

          
        </TextBlock>
        
        <TextBlock HPOS="869.0"
                   VPOS="421.0"
                   WIDTH="266.0"
                   HEIGHT="57.0"
                   ID="eSc_textblock_2dee1fbb"
                   TAGREFS="BT654">
          <Shape><Polygon POINTS="877 421 1127 423 1135 473 869 478"/></Shape>
          
        </TextBlock>
        
        <TextBlock HPOS="307"
                   VPOS="910"
                   WIDTH="334"
                   HEIGHT="145"
                   ID="eSc_textblock_50891d56"
                   TAGREFS="BT652">
          <Shape><Polygon POINTS="619 1022 562 1024 531 1055 376 1055 345 1048 307 910 632 923 641 1017 620 1021"/></Shape>
          
        </TextBlock>
        
        <TextBlock HPOS="1249"
                   VPOS="1807"
                   WIDTH="174"
                   HEIGHT="40"
                   ID="eSc_textblock_811a1bf1"
                   TAGREFS="BT674">
          <Shape><Polygon POINTS="1423 1807 1409 1847 1249 1847 1249 1807"/></Shape>
          
        </TextBlock>
        

        
      </PrintSpace>
    </Page>
  </Layout>
</alto>
