1546 2351
335 401 401 53 IOANNIS SAPIDI.

160 454 702 71 Sleſtadium uerſus, uix dum uia publica, quae fert

158 513 602 62 Libera ad Argentorati pomœria magni

158 562 735 64 Campeſtre obtulerat nobis properantibus æquor.

158 617 674 66 Ecce procul Vitus, quem ſciſſæ curua cicatrix

156 666 606 64 Deturpat malæ, nobis percharus utriſ,

162 715 619 58 Quo non eſt in amicorum ſtudioſior alter

160 766 682 60 Officijs, tamen id pridem male præstitit in me:

158 820 717 55 Nam, die promißum abitum præuerterat una,

158 867 727 57 Me non admonito, conuentum erat, hic ego, ne tu

158 916 615 59 Perbelle constas pacto? non abſ tabellis

160 959 751 73 Nolle pedem te efferre meis tibi Vite receptum eſt?

164 1018 711 63 Quonam feſtinas? properantes flumine nautas

162 1071 592 65 Excuſat, qui uina uehant donaria clari,

166 1112 602 71 Vlrichi Rappoldiacæ cognominis arcis,

164 1169 674 63 Spectanti aëreo rapidum de uertice Rhenum.

166 1212 613 69 Vina tibi quæ munificus uir mittat egenti,

162 1265 680 69 His fore ſe comitem, nos ergo ualere iubentem,

164 1316 643 65 Benfeldum́ citò tendentem linquimus, at

166 1363 705 73 Inde domum recta proficiſcimur, inter eundum

166 1418 696 76 Multa ſuper Papa, Francis, Inſubribuis, Anglis,

166 1475 651 66 Induperatore, Heſperijs, ut tempora noſtra

166 1518 635 70 Ferre ſolent, Turcis & relligione loquuti,

172 1575 658 68 Qui nos Sleſtadij uix demum ſermo reliquit.

168 1620 684 74 Inde potes non eſſe meam perpendere culpam,

174 1682 643 53 Quod tibi nulla à me cum Vito litera uenit.

174 1724 631 82 Inſuper heſterna quidàm me nocte rogauit

799 1786 33 69 F
