1545 2351
627 786 263 279 C

621 423 739 129 IOANNES SA

750 534 489 59 PIDVS AD IACOBVM

825 591 345 63 Zieglerum de Cometa

907 644 179 57 uiſo. Anno

815 685 365 69 M. D. XXXII.

894 750 492 66 Ernimus inſuetum Nabatheis ſy

894 813 182 52 dus ab oris.

945 856 443 66 Iam cœlo menſeis plus minus

894 903 147 62 ire duos.

896 948 494 76 Id́ alijs dudum paßim fulgenti¬

899 1003 163 64 bus aſtris,

670 1052 567 64 Ac maior mediæ pars ubi noctis abeſt.

619 1116 702 55 Quod, donec procul à primo conſcenderit ortu,

666 1165 596 53 Nunc huc, nunc illuc præcipitanter abit.

613 1216 696 57 Fundit & in tantam pallentia lumina caudam,

662 1265 551 53 Quantum metri lancea nulla poteſt.

615 1308 655 71 Qua radijs fœta deuexam ſpectat ad Aram,

662 1361 559 59 Aduerſus pluuio ſubdita regna Noto.

615 1410 718 73 Tum reliquas inter micat & cadit ultima ſtellas,

662 1463 526 67 Aurora Clarium reſtituente iubar.

615 1518 694 65 Quinetiam quoties redit hactenus orta, priore

662 1561 526 65 Se toties maior, ſplendidior́ redit.

613 1620 653 60 Iam quid præmoneat, uariat ſententia longe,

662 1669 588 58 Tot́ modis ſoleo quot rogitare uiros.

613 1720 537 62 Ille Saguntinæ metuit ieiunia cladis,

664 1776 586 65 Horrendum Martis nunciat alter opus,

1235 1818 153 80 Est quem
