1546 2351
268 423 492 55 IO. SAP. DE COMETA.

133 481 633 63 Eſt quem ſollicitat ne uaſti machina mundi,

184 540 584 57 Rurſus in antiquum ſit ſoluenda Chaos,

139 583 625 67 Conijcit hic ualido quaſſatis impete terris,

190 642 503 61 Tecta reuulſa ſuo corruitur a ſolo,

139 687 676 61 Stagnanteis alium terrent Epimethidos undæ,

192 734 558 61 Hic Phaëthontæo rebus ab igne timet,

144 785 639 59 Eſt qui mortaleis & cuncta animalia dicat.

193 834 524 63 Correpta Oenopia diſperitur a lue.

152 879 696 71 Quæ quia nil niſi ſunt miſeræ prænuncia ſortis,

195 938 629 70 Nec faciunt ſolidam capta reſponſa fidem.

150 995 659 60 Dic igitur Zieglere, decus uenerabile Muſis,

199 1036 547 65 Et ſimul omnigenis nobilitate bonis,

154 1095 706 55 Quid cenſes, pariter uiſum tibi, ferre Cometam?

205 1144 525 55 Nam ſcio iudicio pondus ineſſe tuo.

154 1187 659 68 Nequaquàm te ſortilegorum oracula poſco,

203 1244 582 52 Sed coniecturam commemorare tuam.

160 1289 604 68 Qui de præterito, de præſenti́ futurum

205 1334 666 76 Colligit, is pluſquàm magnus Apollo mihi eſt.

160 1398 676 53 Fac igitur, quoniam tua proſpicientia multum

211 1445 482 61 Hac in re mira dexteritate ualet,

166 1494 570 65 Sis facilis, multis́ malis è uatibus unus

215 1543 515 77 Ipſe bonus uates, ſi potes, eſſe uelis.

732 1649 100 67 F 3
