1545 2351
680 431 690 64 METALLICI IAM MORIENTIS,

754 489 534 55 & Diuitiarum eiuſdem colloquium,

909 532 245 63 Io. Sap. autore.

548 601 740 86 Me. VOs ego uos dulces foſſa tellure paratas

780 650 606 67 Aegre iam moriens linquere cogor opes?

562 699 749 72 Di. Sic uiſum fatis. Me. ſed quò nũc ibitis? Di. illò,

696 760 588 53 Quò nos hæc eadem ferrea fata uocant.

568 805 843 60 M. Ite mihi comites. D. at non licet. M. ergo quid obſtat?

578 856 753 56 D. Rurſum fata. M. lubens attamen ipſe uelim.

576 905 743 60 D. Quid tibi proderimus defuncto lumine, nobis

696 961 566 51 Vtendis uiuus quum minus aptus eras?

566 1005 747 66 M. Quàm timeo ne uos ingratus occupet hæres,

574 1052 643 66 D. Sit qualis nobis cun ferendus erit.

1297 1050 108 68 (abibis.

566 1108 845 69 M. M. fruſtra igitur timeo. D. fruſtra. M. quid reſtat ? Di.

572 1157 814 61 M. Nil ne feram mecum prorſus? Di. an inde feres?

647 1206 696 67 Qui nihil attuleris, nudus prognatus in orbem?

572 1265 680 53 M. O ſors ô nimium dura, ualete. D. uale.

578 1314 602 67 D. Diſcite diuitijs uos dites largiter uti,

694 1373 547 55 Et ſimul ex nobis iuge parare decus,

643 1414 637 65 Quid uili numeroſa pecuna diſtat ab alga

696 1475 668 60 Quam ſemper clauſam carcer auarus habet?

643 1514 680 70 Tum ueræ ſumus, in licitos ubi tradimur uſus,

696 1573 627 72 Vos & in extrema morte ſequemur, opes.

925 1669 218 72 Finis.
