1546 2351
158 684 276 287 A

148 387 783 140 IO. PIERIVS

190 501 693 53 VALERIANVS BELVNEN. PRO

270.0 542.0 527.0 61.0 ſacerdotum barbis ad clariß. Card.

370.0 603.0 347.0 53.0 Hippolytum Medicen.

442.0 664.0 482.0 68.0 DMONVISTI nos Antistes

444.0 719.0 482.0 60.0 ampliß. ut quoniã nonnulli haud

442.0 769.0 484.0 49.0 poſtremæ autoritatis uiri, con¬

444.0 809.0 480.0 66.0 cilij cuiuſdã legẽ, Alexandri III.

446.0 867.0 480.0 65.0 ut ipſi aiunt, reſcripto corrobo¬

448.0 914.0 474.0 57.0 boratam, anteacta ætate per an

148.0 963.0 776.0 73.0 nos aliquot obſeruatam, noſtro autem tempore non

150.0 1014.0 776.0 71.0 temerè deſtitutam, iterum tentant apud ſummũ Pon

150.0 1071.0 774.0 57.0 tificem, nulla eius, qua nunc grauißime uexatur, uale

148.0 1120.0 776.0 67.0 tudinis ratione habita, ſuſcitare, priuſquàm edictum

150.0 1165.0 772.0 63.0 proferatur, barbam deponere omnes, qui auſpicijs

148.0 1222.0 776.0 63.0 tuis uiuimus, incipiamus, at́  ita exemplo reliquis fu

152.0 1265.0 772.0 73.0 turi, ſponte faciamus, ̀ quod omnino lege lata facere

150.0 1312.0 772.0 73.0 compellemur-id quod etiam, ſi nulla cogant leges,

152.0 1373.0 774.0 59.0 tuo unius iudicio, & autoritate moti, libentißime fa

152.0 1426.0 774.0 68.0 turi ſumus Sed enim, quum pleriq; ingenio, & do¬

154.0 1477.0 770.0 68.0 ctrina, addam etiam probitate, & ſapientia præſtan

154.0 1524.0 772.0 68.0 tes uiri inceptum hoc haud ita probent, uiolarique

156.0 1569.0 770.0 66.0 hinc ſacer dotij grauitatem arbitrentur, quæ de bar¬

160.0 1620.0 760.0 80.0 ba ipſa plurimum ſibi uendicat dignitatis-Quumo

160.0 1679.0 770.0 64.0 alij legem illam non eo modo, quo in uulgatis exem¬

160.0 1731.0 776.0 79.0 plaribus habetur, latam aſſcuerẽt. Alij, quamuis lata

734.0 1782.0 96.0 73.0 A 3
