1545 2351
801 438 436 57 IOANNES PIERIVS

641 493 778 90 olim fuiſſet, longo tamen uſu, tacito́, conſenſu claro¬

641 554 786 72 rum hominum antiquatam prædicent, Alij, ſi non la¬

643 603 784 72 ta modo, uerum etiam ſi aliquandiu obſeruata, etiam

645 652 786 80 ſi repetitis inſuper decretis uires acquiſiuiſſet, quia ta

647 707 782 72 men minus honeſta ſit, abrogãdam cenſeant, multa́

654 752 777 80 quotidie in hanc ſententiam diſputentur. Tu́ ob

652 803 783 78 excellentis ingenij tui acumen, ſtudium́ ea omnia co

652 860 781 74 gnoſcendi, quæ te digna ſunt, huiuſmodi diſceptatio¬

650 897 789 82 nibus plurimum delecteris, non ab re me facturum

652 956 785 70 arbitratus ſum, ſi Barbárum defenſionem, pro Colle¬

656 1003 787 84 gij Sacerdotalis tuenda dignitate ſuſcepiſſem. Ita

654 1055 785 75 enim tibi rem gratam me facturum intelligebam, at́

658 1108 785 73 ego intermiſſum per tot annos hoc dicendi ſtudium e¬

656 1153 787 77 ram non ſine iucunditate mea repetiturus Spero autẽ

656 1206 789 85 futurum, ut, cum ea, quæ dicturi ſumus, percepta fue

658 1253 787 79 rint, eorum deprehendatur error, qui ſacerdotum ni

660 1308 785 73 hil minus decere, quã barbatum eſſe, perſuaſum ha¬

660 1355 785 77 bent. Siquidem ex huiuſmodi leuitatis uſu multa con¬

662 1412 783 71 tra Sacerdotij decorum fieri uidemus. Euaneſcere

666 1457 780 78 quippe grauitatem, uirilitatem deſpici, ſeueritatem,

666 1514 786 67 illudi, & uenerabilis in homine conſpectus dignita¬

668 1565 777 66 tem eleuari. Nam quin barba uirum, & probum &

670 1610 782 74 honeſtum, in primiſ́ grauem, at́ ſeuerum deceat,

674 1667 778 70 qui negare uelit, inueniri neminem arbitramur. De

676 1710 776 78 ijs loquor, qui rationibus potius acquieſcunt, quã opi

682 1767 766 96 nionibus suis adhærescant.. Quod si probum & ho¬
