2200 3468
274 326 1391 153 Pour ſur les ſens par ſon fils les espandre.

268 453 1368 119 D'autre costé ne vous faut rien attendre.

271 575 1275 101 Ce n'eſt qu’abus, menſonge, tromperies,

271 670 1292 113 Où nous auons trop noz, ames nourries.

271 765 1275 130 Ne ſouffrez plus, damoiſelles gentiles,

274 864 1157 130 L'eſprit rené vaquer à choſes viles:

271 973 1174 110 Ains employez, l’à mediter les faits,

277 1072 1243 136 Et faire eſcrits de cil qui nous a faits,

274 1184 1261 119 Et qui nous veut à lui par Chriſt vnir,

263 1283 1176 121 Si nous voulons à lui par foy venir.

271 1392 1388 113 Or quant à moy (Princeſſe) i’ay courage

268 1499 1287 122 Vous preſenter ce mien petit ouurage:

271 1595 1379 127 Et craindrois fort deuant vous l’approcher

271 1693 1183 127 S'il vous plaiſoit le voir & eplucher

271 1806 1411 121 Au grand midi de vostrɇ œil clair-voyant,

265 1907 1139 124 Soit demi clos plustoſt humiliant

268 2005 1105 130 Pour regarder choſe ſi mal limee,

274 2118 1119 127 Mal à propos & ſottement rimee.

277 2222 1217 116 Encor à vous les fautes paroistront

277 2320 1454 133 Qu'au plus beau iour autres ne cognoistront.

268 2424 1032 122 Vostre bonté mon imperfection

263 2531 1309 130 Couurɇ, en prenant ma bonne affection.

265 2638 1151 150 Car ſi enten qu'y ayez pris plaiſir,

1665 2707 190 159 Lors
