2184 3446
281 324 1098 169 Lors ſentiray m'accroitre le deſir,

273 468 1382 114 De trauailler, à quelquɇ autrɇ œuure faire

284 582 1339 121 Qui vous pourra plurs que ceste-ci plaire,

287 692 1106 106 Que i’entrepren non par temerié,

270 783 1126 118 Mais pour fuir mauditɇ oiſiueté,

278 881 1242 121 Qui de tout vicɇ eſt la droite nourrice.

273 984 1238 130 Penſant außi qu’il ſera bien proprice

275 1085 1446 121 Amainte honnestɇ & damɇ & damoiſelle

273 1188 1410 121 Touchees au cœur d’amour ſaint & de Zele,

273 1300 1367 130 Qui le voyans voudront faire de meſmes,

270 1401 1566 132 Ou quelqu'autrɇ œuure à leur gré plus qu'Emblé¬

1635 1524 195 121 (mes:

267 1510 1293 126 Que toutesſois pourront accommoder

267 1605 1356 115 A leurs maiſons, aux meubles s’en aider,

267 1714 1356 129 Rememorans touſiours quelque paſſage

261 1812 1368 132 Du ſaint eſcrit bien proprɇ à leur vſage,

264 1909 977 138 Dont le Seigneur ſera glorifié,

264 2018 934 127 Et cependant quelcun edifié.

261 2116 1549 141 Mais quant à vous (las, ma Dame ) ie n'oſe

255 2219 1095 124 Vous dire rien de ſi petite choſe.

264 2326 1083 137 Petit, ie dy, ce qui eſt de ma part:

261 2429 1331 135 Grand en cela qui vient d’où le bien part.

258 2541 1377 129 Si vous ſentez, qu’il gratte trop la rongne

255 2641 1196 135 A qui a tort, contre Uerité grongne,

1281 2756 170 121 a 4

1626 2742 218 141 Pard
