2177 3471
350 341 1329 147 Pardonnez moy: le temps le veut ainſi,

338 474 1068 113 Et verité m'y a contreintɇ außi.

356 575 1337 127 Car ce fol monde ignorant ſe conſomme,

344 676 1404 131 Et ne ſe veut point reueiller nostrɇ homme.

344 783 1216 125 Donques afin que nous le reueillons,

341 887 1404 134 Ces cent pourtraitz ſeruiront d’aguillons

341 997 1039 102 Pour reueiller la dure laſcheté

344 1102 1033 98 Des endormis en leur laſciueté.

335 1188 1135 133 Alciat feit des Emblémes exquis,

332 1295 1245 142 Leſquels voyant de pluſieurs requis,

332 1414 1268 119 Deſir me prit de commencer les miens,

330 1504 1363 138 Leſquels ie croy estre premier chrestiens.

330 1605 1108 136 Jl eſt beſoin chercher de tous coſtés

324 1715 1224 139 De l’appetit pour ces gens degoustés:

324 1822 1082 124 L'vn attiré ſera par la peinture,

324 1923 1221 133 L’autrɇ y ioindra poëſie & eſcriture.

330 2030 1201 127 Ce qu'imprimé ſera ſous vostre nom,

318 2131 1222 116 Lui donnera bon bruit & bon renom.

318 2233 1126 135 Or tout le but & fin ou i’ay pensé

318 2331 1097 136 C’eſt le deſir ſeul de veoir auancé

318 2432 1172 153 Du fils de Dieu le regne floriſſant,

312 2542 1216 139 Et veoir tout peuple à luy obeiſſant:

321 2649 1256 176 Que Dieu ſoit tout en tous ſeul adoré

1789 2759 110 130 Et
