2184 3446
293 361 1109 164 Et Antechriſt des enſers deuoré.

290 488 1537 166 Et vous (ma Dame) en qui tout bien abonde,

290 591 1235 152 Miroir luiſant & perle de ce monde,

295 692 1311 158 Qui me daignez faire ſi grand honneur,

275 806 1127 147 Que receuoir ce mien petit labeur,

284 901 1431 173 Combien que ſoit de voZ grandeurs indigne,

275 1007 1184 153 Eſt de l’honneur & ſeruice le ſigne

275 1114 1383 158 Que ie vous doy, & preten de vous rendre

270 1214 1393 167 Toutes les fois qu'il vous plaira le prendre.

258 1329 1239 147 Ie ne puis rien augmenter par priere

261 1421 1210 149 Vostre grandeur & vertu ſinguliere.

261 1521 1239 161 Vous deuez donc en toute obeiſſance

264 1628 1330 161 Uous contenter de Chriſt, qui iouiſſance

258 1731 1173 161 De ſes treſors vous a voulu donner,

252 1832 1222 155 Leſquelz n’auez voulu abandonner.

255 1944 1184 158 Je requier donc pour fin de ce propos,

252 2044 1408 170 Qu'apres voz iours entriez au vrai repos.

410 2211 1015 135 Voſtre treshumble & treſobeiffante

399 2305 925 107 Subiette, vraye & ſidele ſeruante

568 2377 808 124 Que de nommer honte n'ay,

574 2455 1153 138 GEORGETTE DE MONTENAY.

1543 2782 40 138 b
