2177 3471
694 396 683 136 Aux Lecteurs.

295 587 1476 153 Amis lecteurs, ie ne prendray grand peine

295 702 1250 139 Pour excuſer ma rudɇ & ſotte veine,

301 821 1349 113 Sachant que ceux qui ont cœur vertueux

306 914 1210 130 Ne me voudront estre ſi rigoureux

309 1021 1008 130 De n'excuſer le ſexe feminin,

309 1113 1396 145 D'un cœur courtois, & d’un vouloir benin.

306 1223 1471 139 Mais ceux qui ſont plus amis d’ignorance

321 1333 1149 139 Que de vertu & de vraye ſcience,

306 1443 1074 124 Ie voy deſia de cœurs enuenimeZ

309 1541 1297 136 Jetter ſur moy leurs charbons allumez.

312 1640 1526 141 Mais i’ay espoir, que leurs brocards & rage

321 1767 1285 116 Ne me feront aucun mal ny dommage,

327 1856 1137 131 Et ne pourra leur malicɇ engarder

321 1952 1277 142 Le ſimplɇ & doux de lire & regarder:

318 2059 1227 119 Voire en notant d’esprit gentil & fin

330 2157 1311 130 De chaſqu'Embléſme & le but & la fin.

330 2273 1233 127 Ce qu'ayant veu, il luy ſera notoire

344 2368 1407 142 Que ie ne quier que du ſeul Dieu la gloire.

330 2473 1360 141 Ie ſay außi que pluſieurs voudront faire

338 2585 1448 128 Ainſi qu'aucuns, deſquels ne me vueil taire,

344 2684 1294 173 Qui vont ouïr, ce diſent-il, le preſche,

1731 2710 217 205 Mais
