2175 3446
272 350 1517 172 Mais plustost vont lácher leur langue freſche,

272 502 1595 126 Pour dechiffrer l’vn l’autrɇ à qui mieux mieux.

270 603 1364 129 L'vn dit ainſi, Le preſcheur cloſt les yeux,

272 709 1440 118 L’autre les ouurɇ, ou fait ſemblant de choir,

267 815 1454 112 L’autre dit bien, mais il crachɇ au mouchoir.

270 913 1304 117 L'vn branſle trop le col, l’autre la main.

270 1022 1333 115 Pour telles gens lon ſe trauaillɇ en vain,

270 1128 1318 118 Le ſainct parler ne leur bat que l’oreille,

272 1237 1362 112 Endurciſſant leurs cœurs gros à merueille.

270 1332 1183 121 Je m'atten bien que de meſme feront

270 1430 1376 126 Quand ces chrestiens Emblémes ils liront.

258 1542 1244 129 Comme deſia i’ay veu en ma preſence,

278 1642 1195 129 Que, ſans auoir egard à la ſentence,

267 1754 1341 118 L’un vne mine où quelque chappeau note

270 1852 1301 126 Qui ſeroit mieux faict à la huguenotte:

258 1949 1483 144 L’autre me dit, que pour vray amour feindre,

261 2053 1146 115 Ne le deuois en ceste ſorte peindre.

270 2156 1100 124 J'y conſen bien: mais cestui ancien

264 2262 1258 130 Tiendra ce lieu tant qu’aye veu le ſien.

258 2363 1342 135 Ie l’enquis bien de quelqu’autre maniere:

258 2469 1238 132 Mais ſa responſɇ eſt encores derriere.

255 2573 1115 132 Ie ſay qu'aucuns entre les anciens

267 2673 1017 201 Ont figuré amour par des liens:

1295 2819 72 81 b

1453 2814 26 94 2

1603 2696 232 238 Mais
