2177 3471
289 370 1167 173 Mais en ceci il euſt pas conuenu,

289 506 1262 139 Puis que tout eſt par amour ſoustenu.

295 601 1410 153 Jl faut qu'il ait mains pour tout ſoustenir:

289 720 1277 136 Non pas qu'il falɇ à tel erreur venir,

303 824 1338 130 Dire que Dieu ait mains, ni corps außi.

298 925 1346 142 Dieu eſt esprit qu'on ne peut peindrɇ icy.

303 1032 1219 133 Ce vray amour, ou charité en ſomme,

306 1130 1572 136 Que Dieu außi ſaint Jean proprement nomme,

292 1235 1222 136 C'eſt cestui-là duquel i’enten parler,

306 1342 1237 141 Non Cupido qu'on veut faire voler.

301 1446 1412 139 C'eſt amour tient le mondɇ en ſa puiſſance

306 1553 1378 136 Et conduit tout par ſa grand' prouidence.

306 1660 1147 130 Or volontiers prendray correction

301 1764 1155 127 Des vertueux pour l’imperfection

324 1868 1369 133 Qu'en ce liuret & autres œuures miennes

298 1969 1421 125 Se trouueront, fors des œuures chrestiennes

324 2085 1323 124 Qui bon accord auront & conuenance

309 2183 1349 128 Aux liures ſaincts, de Dieu la ſapience.

318 2285 1326 138 Je ne penſois quand i'entreprin d’eſcrire,

309 2389 1352 141 Que iuſqu’à vous il paruinſt pour le lire:

315 2496 1329 133 Ains ſeulement estoit pour ma maiſon:

318 2603 1251 127 Mais on me dit que ce n'estoit raiſon,

321 2701 1120 148 Ainſi cacher le talent du Seigneur

1763 2782 153 150 Qui
