2177 3471
283 312 1613 145 A MA DAMOISELLE GEORGETTE

442 413 1297 130 de Montenay, Autheur du Liure, ſon humble

833 480 484 104 ſeruiteur Salut.

286 616 1477 130 De l'Eternel le vueil non content ſeulement

289 720 1488 144 De t’auoire (ô Georgette) aſſes abondamment

280 830 1234 133 Orné & enrichi de ſes dons precieux,

286 914 1505 147 Et de graces leſquelles on voit aux vertueux:

283 1041 1390 113 Pource faire cognoistre ici bas en tout lieu

286 1139 1595 113 Aux Chrestiens Zelateurs de la gloire de Dieu,

283 1229 1474 124 Jl a voulu & veut, cent emblémes Chreſtiens

275 1350 1453 113 Estre mis en lumiere: tu les peux dire tiens.

289 1454 1479 122 Tiens, ie di, pour ce que l’inuention eſt tienne:

277 1556 1616 127 Laquelle, en les liſant, on cognoistra Chreſtienne:

280 1657 1344 124 En cela plus louable, & außi l’inuenteur,

292 1764 1497 127 Que non du fabuleux & la fable & l’auteur,

283 1868 1401 116 Comme l’on veit iadis à l’embléme ancien,

292 1975 1416 127 Duquel & la figurɇ & le ſens n’auoit rien

280 2076 1610 130 De Chreſtien dedans ſoy. Ceux dõques qui liront

298 2183 1349 122 Ce Chreſtien liure ici, l'Eternel beniront:

289 2287 1476 128 Ton Zele loueront, & pourront prendrɇ enuie

289 2392 1543 150 D'ainſi fairɇ, & de ſuiure ce qui menɇ à la vie.

1450 2525 373 141 P. D. C.
