2197 3454
696 400 838 118 A la Reine de Nauarre

898 526 432 98 SONNET.

319 667 1391 150 L'excellent bruit, la renommee heureuſe

429 777 1341 144 Que l'eternel te donnɇ en terrɇ & cieux,

426 886 1114 130 Fait de despit creuer tes enuieux:

417 987 1201 141 Meſme Satan de ragɇ impetueuſe

345 1088 1227 141 Qui voltiger fait la langue menteuſe,

426 1211 1215 127 Jettant ſur toy ſes traits pernicieux.

417 1298 1494 152 Mais Dieu ton Dieu, en bref deuãt tes yeux

411 1413 1230 115 T’en vengera de façon merueilleuſe.

342 1511 1273 135 Conſole toy donc, ô Reine, au Seigneur,

426 1614 1065 136 Qui de Satan reiette la louange.

411 1715 1325 147 Si le mauuais dit bien du bon, estrange

310 1816 1342 155 Eſt bien tel loz, & tournɇ à deshonneur.

411 1948 1446 121 Leur blaſmɇ außi te rend en plus d'honneur

417 2040 1399 156 Lumierɇ en terrɇ, au ciel en gloire d’Ange.

751 2242 492 100 SONNET.

316 2363 1238 146 Tant que la veüɇ en terre tien baiſſer,

408 2472 1417 135 Soit pres, ſoit loing, tout m'aporte douleur:

414 2581 1443 136 Tout m'eſt espinɇ en ce mondɇ. & c'eſt l’heur

411 2676 1141 176 De ceux qui ont Verité embraſſee,

1566 2771 89 144 E

1747 2751 150 167 De
