<?xml version="1.0" encoding="UTF-8"?>
<alto xmlns:xsi="http://www.w3.org/2001/XMLSchema-instance"
      xmlns="http://www.loc.gov/standards/alto/ns-v4#"
      xsi:schemaLocation="http://www.loc.gov/standards/alto/ns-v4# http://www.loc.gov/standards/alto/v4/alto-4-2.xsd">
  <Description>
    <MeasurementUnit>pixel</MeasurementUnit>
    <sourceImageInformation>
      <fileName>223.jpg</fileName>
      
    </sourceImageInformation>
  </Description>
  
  <Tags>
    <OtherTag ID="BT2322" LABEL="TitlePageZone" DESCRIPTION="block type TitlePageZone"/><OtherTag ID="BT1652" LABEL="RunningTitleZone" DESCRIPTION="block type RunningTitleZone"/><OtherTag ID="BT1651" LABEL="QuireMarksZone" DESCRIPTION="block type QuireMarksZone"/><OtherTag ID="BT1650" LABEL="NumberingZone" DESCRIPTION="block type NumberingZone"/><OtherTag ID="BT1648" LABEL="TitlePageZone" DESCRIPTION="block type TitlePageZone"/><OtherTag ID="BT1647" LABEL="StampZone" DESCRIPTION="block type StampZone"/><OtherTag ID="BT1646" LABEL="DropCapitalZone" DESCRIPTION="block type DropCapitalZone"/><OtherTag ID="BT1645" LABEL="GraphicZone" DESCRIPTION="block type GraphicZone"/><OtherTag ID="BT1644" LABEL="MainZone" DESCRIPTION="block type MainZone"/>
    <OtherTag ID="LT551" LABEL="DefaultLine" DESCRIPTION="line type DefaultLine"/><OtherTag ID="LT550" LABEL="DropCapitalLine" DESCRIPTION="line type DropCapitalLine"/><OtherTag ID="LT549" LABEL="HeadingLine" DESCRIPTION="line type HeadingLine"/>
  </Tags>
  
  <Layout>
    <Page WIDTH="2197"
          HEIGHT="3454"
          PHYSICAL_IMG_NR="221"
          ID="eSc_dummypage_">
      <PrintSpace HPOS="0"
                  VPOS="0"
                  WIDTH="2197"
                  HEIGHT="3454">
        
        <TextBlock HPOS="317"
                   VPOS="390"
                   WIDTH="1568"
                   HEIGHT="2425"
                   ID="eSc_textblock_00ce7577"
                   TAGREFS="BT1644">
          <Shape><Polygon POINTS="317 390 317 2807 1370 2815 1885 2711 1874 390"/></Shape>
          
          
          <TextLine ID="eSc_line_999257a1"
                    TAGREFS="LT551"
                    BASELINE="498 477 1851 477" 
                    HPOS="492"
                    VPOS="368"
                    WIDTH="1359"
                    HEIGHT="132">
            <Shape><Polygon POINTS="498 477 492 385 535 368 538 368 541 368 619 382 665 368 668 368 670 368 673 368 734 382 771 368 774 368 777 368 866 382 918 368 921 368 924 368 1851 385 1851 477 1851 489 498 500"/></Shape>
	    <String CONTENT="Amonſeigneur de la Caze, Gouuerneur"
                    HPOS="492"
                    VPOS="368"
                    WIDTH="1359"
                    HEIGHT="132"></String>
          </TextLine>

          
          
          <TextLine ID="eSc_line_6b768460"
                    TAGREFS="LT551"
                    BASELINE="587 564 1854 575" 
                    HPOS="581"
                    VPOS="477"
                    WIDTH="1273"
                    HEIGHT="124">
            <Shape><Polygon POINTS="587 564 581 497 656 477 659 477 662 477 771 477 774 477 777 477 803 495 895 477 898 477 901 477 950 500 1128 500 1169 480 1171 480 1174 480 1177 480 1180 480 1180 483 1197 497 1238 486 1241 486 1243 486 1246 486 1272 500 1298 483 1301 483 1304 483 1307 483 1310 483 1344 497 1531 483 1534 483 1854 509 1854 575 1848 601 581 590"/></Shape>
	    <String CONTENT="de Monſeigneur le Prince de Nauarre,"
                    HPOS="581"
                    VPOS="477"
                    WIDTH="1273"
                    HEIGHT="124"></String>
          </TextLine>

          
          
          <TextLine ID="eSc_line_f0536ef5"
                    TAGREFS="LT551"
                    BASELINE="587 659 1742 664" 
                    HPOS="578"
                    VPOS="578"
                    WIDTH="1164"
                    HEIGHT="107">
            <Shape><Polygon POINTS="587 659 578 595 607 578 610 578 613 578 616 578 682 592 728 578 731 578 734 578 737 578 740 578 765 595 835 578 837 578 840 578 843 578 907 595 999 578 1002 578 1079 595 1134 578 1137 578 1140 578 1143 578 1146 578 1174 598 1197 581 1200 581 1203 581 1206 581 1324 598 1333 601 1442 601 1442 598 1459 584 1459 581 1462 581 1465 581 1468 581 1739 601 1742 664 1736 685 581 676"/></Shape>
	    <String CONTENT="ſur l’enuoy des ſix ſonnets ſuyuans."
                    HPOS="578"
                    VPOS="578"
                    WIDTH="1164"
                    HEIGHT="107"></String>
          </TextLine>

          
          
          <TextLine ID="eSc_line_45901dee"
                    TAGREFS="LT551"
                    BASELINE="446 837 1517 837" 
                    HPOS="440"
                    VPOS="725"
                    WIDTH="1080"
                    HEIGHT="124">
            <Shape><Polygon POINTS="446 837 440 754 509 725 512 725 515 725 598 739 820 725 823 725 826 725 829 725 863 748 944 725 947 725 950 725 1039 725 1042 725 1045 725 1074 748 1174 725 1177 725 1180 725 1183 725 1215 754 1402 754 1428 731 1431 731 1433 731 1436 731 1439 731 1520 754 1517 837 1517 849 446 849"/></Shape>
	    <String CONTENT="Si le Soleil ne ſe ſouille ne tache,"
                    HPOS="440"
                    VPOS="725"
                    WIDTH="1080"
                    HEIGHT="124"></String>
          </TextLine>

          
          
          <TextLine ID="eSc_line_06b6fa62"
                    TAGREFS="LT551"
                    BASELINE="348 941 1485 935 1839 946" 
                    HPOS="336"
                    VPOS="837"
                    WIDTH="1503"
                    HEIGHT="130">
            <Shape><Polygon POINTS="348 941 336 869 385 837 388 837 391 837 394 837 480 837 483 837 486 837 486 840 512 863 575 837 578 837 581 837 763 863 803 849 806 849 809 849 1007 863 1102 837 1105 837 1108 837 1229 860 1278 837 1281 837 1284 837 1287 837 1338 866 1416 866 1448 837 1451 837 1454 837 1456 837 1459 837 1528 863 1730 837 1733 837 1736 837 1739 837 1739 840 1759 860 1837 866 1839 946 1839 964 348 967"/></Shape>
	    <String CONTENT="Quand ſes rayons touchent à quelque ordure,"
                    HPOS="336"
                    VPOS="837"
                    WIDTH="1503"
                    HEIGHT="130"></String>
          </TextLine>

          
          
          <TextLine ID="eSc_line_4937fb56"
                    TAGREFS="LT551"
                    BASELINE="339 1041 1742 1047" 
                    HPOS="336"
                    VPOS="946"
                    WIDTH="1406"
                    HEIGHT="118">
            <Shape><Polygon POINTS="339 1041 339 949 440 969 483 952 489 949 492 949 495 949 498 949 503 952 541 972 627 972 659 955 673 946 676 946 679 946 682 946 702 955 734 972 855 972 869 958 883 946 886 946 889 946 892 946 895 946 921 958 941 972 1016 972 1050 961 1099 949 1102 949 1105 949 1108 949 1148 964 1174 972 1313 967 1667 949 1670 949 1672 949 1742 975 1742 1047 1739 1059 336 1064"/></Shape>
	    <String CONTENT="Vostre œil tant clair &amp; vertu ne ſe faſche,"
                    HPOS="336"
                    VPOS="946"
                    WIDTH="1406"
                    HEIGHT="118"></String>
          </TextLine>

          
          
          <TextLine ID="eSc_line_d292926e"
                    TAGREFS="LT551"
                    BASELINE="339 1148 1707 1139" 
                    HPOS="328"
                    VPOS="1053"
                    WIDTH="1379"
                    HEIGHT="109">
            <Shape><Polygon POINTS="339 1148 328 1085 354 1062 354 1059 357 1059 359 1059 362 1059 365 1059 434 1082 457 1062 457 1059 460 1059 463 1059 466 1059 469 1059 532 1079 601 1059 604 1059 607 1059 610 1059 656 1082 763 1082 826 1082 881 1056 883 1056 886 1056 889 1056 944 1082 1007 1082 1033 1059 1033 1056 1036 1056 1039 1056 1042 1056 1045 1056 1094 1079 1094 1082 1192 1082 1194 1079 1238 1053 1241 1053 1243 1053 1246 1053 1249 1053 1321 1076 1428 1053 1431 1053 1433 1053 1477 1067 1511 1053 1514 1053 1517 1053 1520 1053 1523 1053 1552 1079 1701 1079 1707 1139 1704 1162 336 1159"/></Shape>
	    <String CONTENT="Liſant les vers de rithme ſottɇ &amp; dure."
                    HPOS="328"
                    VPOS="1053"
                    WIDTH="1379"
                    HEIGHT="109"></String>
          </TextLine>

          
          
          <TextLine ID="eSc_line_7ddc38cb"
                    TAGREFS="LT551"
                    BASELINE="345 1252 1505 1246" 
                    HPOS="342"
                    VPOS="1159"
                    WIDTH="1163"
                    HEIGHT="116">
            <Shape><Polygon POINTS="345 1252 342 1168 860 1182 895 1174 915 1168 918 1168 921 1168 924 1168 938 1174 947 1180 953 1174 973 1159 976 1159 979 1159 981 1159 1099 1177 1131 1180 1140 1177 1177 1159 1180 1159 1183 1159 1186 1159 1229 1177 1235 1182 1327 1182 1333 1180 1396 1159 1399 1159 1402 1159 1405 1159 1408 1159 1408 1162 1431 1180 1431 1182 1500 1182 1505 1246 1503 1254 1367 1272 1364 1272 1249 1257 1235 1257 1215 1257 1056 1272 1053 1272 904 1260 889 1260 886 1260 860 1275 858 1275 855 1275 342 1263"/></Shape>
	    <String CONTENT="Vostre vertu au compas les meſure"
                    HPOS="342"
                    VPOS="1159"
                    WIDTH="1163"
                    HEIGHT="116"></String>
          </TextLine>

          
          
          <TextLine ID="eSc_line_714ade70"
                    TAGREFS="LT551"
                    BASELINE="342 1355 1600 1344" 
                    HPOS="331"
                    VPOS="1246"
                    WIDTH="1269"
                    HEIGHT="144">
            <Shape><Polygon POINTS="342 1355 331 1280 371 1252 374 1252 377 1252 380 1252 382 1252 431 1277 472 1252 475 1252 477 1252 650 1249 653 1249 656 1249 719 1266 737 1252 740 1252 742 1252 745 1252 748 1252 791 1275 794 1275 964 1246 967 1246 970 1246 1025 1269 1053 1246 1056 1246 1059 1246 1062 1246 1177 1249 1180 1249 1183 1249 1183 1252 1206 1269 1209 1272 1592 1266 1600 1344 1600 1364 1232 1384 1229 1384 1226 1384 1186 1367 1183 1367 1088 1384 1085 1384 1010 1367 996 1364 993 1367 970 1387 967 1387 964 1387 964 1390 883 1390 881 1387 878 1387 875 1387 852 1370 751 1387 748 1387 745 1387 742 1387 719 1367 716 1367 342 1367"/></Shape>
	    <String CONTENT="De Charité, puis qu’ils ſont paruenus"
                    HPOS="331"
                    VPOS="1246"
                    WIDTH="1269"
                    HEIGHT="144"></String>
          </TextLine>

          
          
          <TextLine ID="eSc_line_70f06c3f"
                    TAGREFS="LT551"
                    BASELINE="342 1456 1575 1462" 
                    HPOS="339"
                    VPOS="1370"
                    WIDTH="1236"
                    HEIGHT="123">
            <Shape><Polygon POINTS="342 1456 339 1384 480 1370 483 1370 486 1370 489 1370 506 1384 518 1393 788 1393 797 1387 817 1372 820 1372 823 1372 826 1372 1091 1390 1154 1393 1169 1390 1235 1372 1238 1372 1241 1372 1327 1390 1462 1372 1465 1372 1468 1372 1471 1372 1471 1375 1494 1393 1494 1395 1572 1395 1575 1462 1575 1467 1543 1485 1540 1485 1537 1485 1534 1485 1477 1470 1428 1490 1425 1490 1425 1493 1359 1493 1356 1490 1353 1490 1350 1490 1350 1488 1333 1470 1330 1470 339 1485"/></Shape>
	    <String CONTENT="Juſques à vous pour receuoir cenſure,"
                    HPOS="339"
                    VPOS="1370"
                    WIDTH="1236"
                    HEIGHT="123"></String>
          </TextLine>

          
          
          <TextLine ID="eSc_line_a128d38b"
                    TAGREFS="LT551"
                    BASELINE="342 1557 1606 1562" 
                    HPOS="334"
                    VPOS="1465"
                    WIDTH="1275"
                    HEIGHT="126">
            <Shape><Polygon POINTS="342 1557 336 1490 385 1467 388 1467 391 1467 394 1467 397 1467 429 1490 431 1493 526 1493 526 1490 552 1467 552 1465 555 1465 558 1465 561 1465 564 1465 567 1465 598 1490 598 1493 633 1493 633 1490 665 1465 668 1465 670 1465 673 1465 823 1465 826 1465 898 1490 967 1465 970 1465 973 1465 1065 1467 1068 1467 1071 1467 1108 1493 1163 1479 1166 1479 1169 1479 1171 1479 1174 1479 1194 1493 1197 1496 1307 1496 1422 1496 1552 1467 1554 1467 1557 1467 1609 1496 1606 1562 1603 1591 371 1591 368 1588 365 1588 334 1571"/></Shape>
	    <String CONTENT="Le riche doit la robbɇ aux poures nuds."
                    HPOS="334"
                    VPOS="1465"
                    WIDTH="1275"
                    HEIGHT="126"></String>
          </TextLine>

          
          
          <TextLine ID="eSc_line_62012976"
                    TAGREFS="LT549"
                    BASELINE="806 1755 1189 1750 1327 1752 1385 1752" 
                    HPOS="797"
                    VPOS="1652"
                    WIDTH="585"
                    HEIGHT="112">
            <Shape><Polygon POINTS="803 1752 797 1669 883 1652 886 1652 889 1652 947 1675 958 1678 976 1675 1097 1655 1099 1655 1102 1655 1160 1683 1183 1695 1376 1695 1382 1750 1382 1761 803 1764"/></Shape>
	    <String CONTENT="SONNET I."
                    HPOS="797"
                    VPOS="1652"
                    WIDTH="585"
                    HEIGHT="112"></String>
          </TextLine>

          
          
          <TextLine ID="eSc_line_82a85f65"
                    TAGREFS="LT551"
                    BASELINE="359 1956 1477 1942" 
                    HPOS="351"
                    VPOS="1847"
                    WIDTH="1123"
                    HEIGHT="139">
            <Shape><Polygon POINTS="357 1954 351 1853 570 1870 797 1850 832 1847 835 1847 835 1847 835 1847 849 1850 930 1865 1465 1847 1474 1939 1471 1963 1027 1960 932 1974 898 1980 898 1980 895 1980 895 1980 895 1980 892 1980 892 1980 892 1980 883 1977 858 1963 699 1977 696 1977 696 1977 587 1965 357 1986"/></Shape>
	    <String CONTENT="Ce fut aux iours noircis d’iniquité"
                    HPOS="351"
                    VPOS="1847"
                    WIDTH="1123"
                    HEIGHT="139"></String>
          </TextLine>

          
          
          <TextLine ID="eSc_line_6195fdd6"
                    TAGREFS="LT551"
                    BASELINE="454 2055 1716 2060" 
                    HPOS="446"
                    VPOS="1954"
                    WIDTH="1270"
                    HEIGHT="138">
            <Shape><Polygon POINTS="454 2055 446 1974 480 1954 483 1954 486 1954 489 1954 619 1974 630 1977 691 1977 693 1974 711 1957 711 1954 714 1954 716 1954 719 1954 722 1954 725 1954 751 1974 757 1977 872 1977 878 1974 904 1957 907 1957 909 1957 912 1957 984 1971 993 1974 996 1971 1013 1957 1013 1954 1016 1954 1019 1954 1022 1954 1025 1954 1082 1971 1099 1977 1117 1971 1166 1957 1169 1957 1171 1957 1246 1971 1275 1977 1289 1971 1321 1957 1324 1957 1327 1957 1431 1957 1433 1957 1436 1957 1454 1971 1462 1980 1531 1980 1540 1971 1552 1960 1552 1957 1554 1957 1557 1957 1560 1957 1563 1957 1615 1971 1647 1977 1713 1971 1716 2060 1710 2081 1238 2069 1212 2083 1203 2089 1200 2089 1197 2089 1197 2092 1091 2092 1088 2089 1085 2089 1074 2083 1042 2066 958 2083 941 2086 938 2086 935 2086 932 2086 930 2083 901 2066 777 2066 452 2083"/></Shape>
	    <String CONTENT="Qu&#39;au haut degré aßiſɇ estoit malice,"
                    HPOS="446"
                    VPOS="1954"
                    WIDTH="1270"
                    HEIGHT="138"></String>
          </TextLine>

          
          
          <TextLine ID="eSc_line_85ac64f8"
                    TAGREFS="LT551"
                    BASELINE="452 2155 1609 2155" 
                    HPOS="446"
                    VPOS="2066"
                    WIDTH="1166"
                    HEIGHT="118">
            <Shape><Polygon POINTS="452 2155 446 2089 486 2066 489 2066 492 2066 495 2066 555 2086 619 2066 621 2066 624 2066 737 2066 740 2066 777 2083 800 2069 803 2069 806 2069 809 2069 811 2069 814 2069 832 2086 907 2066 909 2066 912 2066 915 2066 967 2086 967 2089 1292 2089 1295 2086 1315 2069 1315 2066 1318 2066 1321 2066 1324 2066 1402 2066 1405 2066 1439 2086 1459 2069 1459 2066 1462 2066 1465 2066 1468 2066 1537 2066 1540 2066 1612 2086 1609 2155 1609 2170 452 2184"/></Shape>
	    <String CONTENT="Que Dieu ça bas enuoya ſa iustice"
                    HPOS="446"
                    VPOS="2066"
                    WIDTH="1166"
                    HEIGHT="118"></String>
          </TextLine>

          
          
          <TextLine ID="eSc_line_8d426d1b"
                    TAGREFS="LT551"
                    BASELINE="446 2256 1433 2262" 
                    HPOS="443"
                    VPOS="2161"
                    WIDTH="990"
                    HEIGHT="130">
            <Shape><Polygon POINTS="446 2256 443 2181 512 2167 515 2167 518 2167 570 2178 575 2181 578 2178 596 2164 596 2161 598 2161 601 2161 604 2161 607 2161 610 2161 639 2178 642 2181 653 2178 740 2161 742 2161 745 2161 783 2178 788 2181 797 2178 852 2164 855 2164 858 2164 860 2164 863 2164 878 2178 883 2184 976 2184 981 2178 999 2164 1002 2164 1004 2164 1007 2164 1068 2178 1094 2184 1114 2178 1151 2164 1154 2164 1157 2164 1160 2164 1215 2178 1243 2187 1292 2187 1301 2178 1315 2167 1315 2164 1318 2164 1321 2164 1324 2164 1433 2178 1433 2262 1433 2271 1396 2288 1393 2288 1390 2288 1387 2288 1356 2273 1007 2273 944 2291 941 2291 938 2291 935 2291 866 2273 662 2288 659 2288 656 2288 610 2271 443 2271"/></Shape>
	    <String CONTENT="Embraſſer foy, &amp; la diuinité,"
                    HPOS="443"
                    VPOS="2161"
                    WIDTH="990"
                    HEIGHT="130"></String>
          </TextLine>

          
          
          <TextLine ID="eSc_line_baf63814"
                    TAGREFS="LT551"
                    BASELINE="348 2360 1641 2365" 
                    HPOS="342"
                    VPOS="2268"
                    WIDTH="1299"
                    HEIGHT="112">
            <Shape><Polygon POINTS="348 2360 342 2285 382 2268 385 2268 388 2268 391 2268 423 2285 431 2291 538 2291 544 2282 558 2271 558 2268 561 2268 564 2268 567 2268 570 2268 607 2282 627 2288 659 2282 719 2268 722 2268 777 2279 803 2285 811 2279 829 2268 832 2268 835 2268 837 2268 993 2268 996 2268 999 2268 999 2271 1007 2276 1019 2291 1114 2291 1128 2276 1131 2273 1131 2271 1134 2271 1137 2271 1140 2271 1143 2271 1160 2276 1212 2291 1272 2273 1287 2271 1289 2271 1292 2271 1310 2273 1385 2294 1572 2294 1632 2271 1641 2365 1638 2374 345 2380"/></Shape>
	    <String CONTENT="Prendre &amp; vestir la noftrɇ humanité,"
                    HPOS="342"
                    VPOS="2268"
                    WIDTH="1299"
                    HEIGHT="112"></String>
          </TextLine>

          
          
          <TextLine ID="eSc_line_67683522"
                    TAGREFS="LT551"
                    BASELINE="446 2460 1704 2472" 
                    HPOS="434"
                    VPOS="2374"
                    WIDTH="1270"
                    HEIGHT="130">
            <Shape><Polygon POINTS="446 2460 440 2394 492 2374 495 2374 498 2374 501 2374 538 2394 541 2394 653 2374 656 2374 659 2374 708 2391 754 2374 757 2374 760 2374 763 2374 829 2397 832 2400 1171 2400 1186 2389 1186 2386 1189 2386 1192 2386 1194 2386 1197 2386 1238 2397 1387 2380 1390 2380 1393 2380 1436 2403 1439 2403 1480 2383 1482 2383 1485 2383 1701 2406 1704 2472 1698 2486 1511 2486 1445 2504 1442 2504 1439 2504 1436 2504 1433 2504 1433 2501 1413 2484 1410 2484 1408 2484 1292 2501 1289 2501 1287 2501 1238 2481 1235 2481 1226 2481 1082 2501 1079 2501 1076 2501 1074 2501 1074 2498 1071 2498 1059 2484 1027 2498 1025 2498 1022 2498 930 2478 679 2495 676 2495 673 2495 627 2475 477 2489 475 2489 472 2489 469 2489 434 2469"/></Shape>
	    <String CONTENT="Pour l’eſleuer en purgeant ſon eſcume."
                    HPOS="434"
                    VPOS="2374"
                    WIDTH="1270"
                    HEIGHT="130"></String>
          </TextLine>

          
          
          <TextLine ID="eSc_line_b2757930"
                    TAGREFS="LT551"
                    BASELINE="449 2567 1744 2578" 
                    HPOS="443"
                    VPOS="2484"
                    WIDTH="1301"
                    HEIGHT="126">
            <Shape><Polygon POINTS="449 2567 446 2495 581 2484 584 2484 587 2484 590 2484 590 2486 601 2495 607 2504 688 2504 696 2498 711 2486 714 2486 716 2486 719 2486 722 2486 768 2498 777 2501 786 2498 823 2486 826 2486 829 2486 832 2486 863 2501 881 2507 898 2501 935 2489 938 2489 941 2489 944 2489 947 2489 964 2501 976 2509 1177 2509 1275 2507 1644 2492 1647 2492 1742 2515 1744 2578 1742 2590 1474 2610 1471 2610 1468 2610 1465 2610 1465 2607 1451 2596 1428 2610 1425 2610 1422 2610 1419 2610 1416 2610 1364 2590 1189 2607 1186 2607 1183 2607 1143 2590 1010 2604 1007 2604 1004 2604 932 2587 826 2604 823 2604 719 2584 584 2599 581 2599 443 2578"/></Shape>
	    <String CONTENT="O hommɇ ingrat qui encores preſume"
                    HPOS="443"
                    VPOS="2484"
                    WIDTH="1301"
                    HEIGHT="126"></String>
          </TextLine>

          
          
          <TextLine ID="eSc_line_0093902d"
                    TAGREFS="LT551"
                    BASELINE="457 2665 1500 2676" 
                    HPOS="452"
                    VPOS="2581"
                    WIDTH="1048"
                    HEIGHT="124">
            <Shape><Polygon POINTS="457 2665 454 2590 524 2581 526 2581 529 2581 532 2581 544 2590 570 2607 624 2607 644 2590 647 2587 650 2587 653 2587 656 2587 659 2587 670 2590 719 2610 909 2610 955 2593 973 2590 976 2590 979 2590 981 2590 984 2590 984 2593 987 2596 1004 2613 1197 2613 1212 2596 1220 2590 1220 2587 1223 2587 1226 2587 1229 2587 1298 2599 1356 2607 1387 2599 1419 2590 1422 2590 1425 2590 1497 2602 1500 2676 1494 2688 1238 2688 1220 2691 1171 2705 1169 2705 1166 2705 1163 2705 1160 2705 1143 2694 1137 2688 1131 2694 1117 2702 1114 2702 1111 2702 1108 2702 1019 2694 961 2688 944 2694 921 2702 918 2702 915 2702 817 2694 659 2682 613 2696 604 2699 601 2699 598 2699 452 2696"/></Shape>
	    <String CONTENT="Que ton meritɇ attire ſa bonté!"
                    HPOS="452"
                    VPOS="2581"
                    WIDTH="1048"
                    HEIGHT="124"></String>
          </TextLine>

          
          
          <TextLine ID="eSc_line_0157815b"
                    TAGREFS="LT551"
                    BASELINE="348 2771 1528 2780" 
                    HPOS="339"
                    VPOS="2688"
                    WIDTH="1189"
                    HEIGHT="181">
            <Shape><Polygon POINTS="348 2771 339 2708 365 2688 368 2688 371 2688 374 2688 377 2688 449 2708 454 2708 469 2708 570 2694 573 2694 659 2705 693 2708 705 2705 728 2694 731 2694 734 2694 737 2694 760 2702 780 2714 1045 2714 1082 2699 1105 2691 1108 2691 1111 2691 1114 2691 1128 2696 1163 2717 1238 2717 1266 2696 1269 2694 1272 2694 1275 2694 1278 2694 1528 2694 1528 2780 1526 2869 1338 2869 1336 2866 1333 2866 1330 2866 1324 2861 1301 2849 1229 2858 1163 2866 1160 2866 1157 2866 1137 2855 1117 2843 1102 2855 1094 2861 1091 2861 1088 2861 1085 2861 1033 2852 964 2840 901 2849 820 2858 817 2858 814 2858 760 2843 722 2835 621 2838 414 2849 411 2849 408 2849 339 2829"/></Shape>
	    <String CONTENT="Ignores-tu que mort eſt ton ſalaire?"
                    HPOS="339"
                    VPOS="2688"
                    WIDTH="1189"
                    HEIGHT="181"></String>
          </TextLine>

          
        </TextBlock>
        
        <TextBlock HPOS="1477"
                   VPOS="2811"
                   WIDTH="467"
                   HEIGHT="87"
                   ID="eSc_textblock_bd106f76"
                   TAGREFS="BT1651">
          <Shape><Polygon POINTS="1944 2898 1944 2811 1477 2811 1477 2898"/></Shape>
          
          
          <TextLine ID="eSc_line_1135f7c9"
                    TAGREFS="LT551"
                    BASELINE="1491 2884 1549 2884" 
                    HPOS="1491"
                    VPOS="2780"
                    WIDTH="61"
                    HEIGHT="141">
            <Shape><Polygon POINTS="1491 2884 1491 2780 1549 2789 1549 2884 1552 2904 1494 2921"/></Shape>
	    <String CONTENT="E"
                    HPOS="1491"
                    VPOS="2780"
                    WIDTH="61"
                    HEIGHT="141"></String>
          </TextLine>

          
          
          <TextLine ID="eSc_line_6c6e5796"
                    TAGREFS="LT551"
                    BASELINE="1655 2878 1695 2878" 
                    HPOS="1652"
                    VPOS="2771"
                    WIDTH="43"
                    HEIGHT="167">
            <Shape><Polygon POINTS="1655 2878 1652 2780 1693 2771 1695 2878 1693 2938 1652 2935"/></Shape>
	    <String CONTENT="2"
                    HPOS="1652"
                    VPOS="2771"
                    WIDTH="43"
                    HEIGHT="167"></String>
          </TextLine>

          
          
          <TextLine ID="eSc_line_032759fe"
                    TAGREFS="LT551"
                    BASELINE="1814 2886 1932 2881" 
                    HPOS="1802"
                    VPOS="2771"
                    WIDTH="135"
                    HEIGHT="182">
            <Shape><Polygon POINTS="1814 2886 1802 2786 1920 2771 1932 2881 1937 2933 1871 2953 1868 2953 1865 2953 1862 2953 1811 2933"/></Shape>
	    <String CONTENT="Sa"
                    HPOS="1802"
                    VPOS="2771"
                    WIDTH="135"
                    HEIGHT="182"></String>
          </TextLine>

          
        </TextBlock>
        

        
      </PrintSpace>
    </Page>
  </Layout>
</alto>
