2200 3452
348 359 1382 135 Sa charité (ſans toy) l'honneur emporte

362 486 1241 123 Que luy rendons encores auiourd’huy.

264 583 1328 121 Car en tel poinct nostre nuict il eſclaire

359 693 1348 126 Par ſa parole, & faueur qu’il nous porte,

359 796 1452 153 Qu'il regne en nous, & nous viuons par luy.

696 955 614 109 SONNET 2.

256 1110 1244 129 L’arbre fourchu, qui ſa racine mole

351 1216 1391 110 Met contremont comme tombé des cieux,

348 1317 1385 135 Produit ſon fruict treſagreablɇ aux yeux:

348 1418 1218 141 Mais qui en vſɇ, il ſe perd & affole.

259 1527 1353 118 Le cœur il enfle, & ſe prend comme cole

351 1633 1293 124 Au poure esprit, qu’il rend ſi vicieux,

348 1731 1368 130 Aueuglɇ, & ſourd, peſant, & pareſſeux,

357 1835 1359 129 Qu'ainſi ſurpris s’endort deſſous ce pole

244 1941 1236 112 Sans nul ſouci de ſon bien demander.

348 2045 1313 121 Donc quel remedɇ a tel arbrɇ amender,

348 2143 1489 138 Si qu'estant bon les fruicts ſemblables rende?

256 2252 1203 124 Retranché ſoit & au plus haut enté

348 2353 1163 135 Au bon fruictier de la ſaincte cité,

351 2459 1068 144 Sinon le feu eternel le demande.

1609 2557 233 112 SONN
