2217 3454
788 354 599 132 SONNET 3.

336 492 1509 170 Qui cueult les fruicts de l'arbre qui les donne

417 647 1267 115 Par chacun an du moins ſeptante fois,

411 751 1425 126 Pas ne ſont ceux que Chriſt des petis fouets

414 846 1474 132 Chaſſa du temple. A tels Dieu n’abandonne

313 955 1379 130 Ces fruicts ſacrés, n'a l’ingrate perſonne,

414 1062 1376 123 Auarɇ, infamɇ, & contempteur des loix,

434 1162 1460 136 Qui d’un ſeul cœur fait des pars plus de trois.

411 1272 1374 103 Mais ce ſont ceux qui d’affection bonne

316 1372 1543 113 Leur viɇ, & bien, grandeur, paix, & vigueur,

416 1492 1423 96 Cherchans en Chriſt de viɇ arbrɇ & racine,

414 1580 1460 126 Fleur, fueillɇ, & fruict, cueillẽt pour medicine

319 1683 1299 136 Baſme certain pour oster leur langueur.

417 1787 1345 138 Bref, cil qui veut prosperer en long heur,

417 1896 1408 153 Mange ce fruict, tout autrɇ à mortel ſigne.

757 2049 607 132 SONNET 4.

316 2230 1048 124 Le Createur de toute creature

420 2331 1152 135 A tellement compaßé ſon ouurage,

420 2443 1244 133 Que nul ne peut vſurper dauantage

420 2544 1091 132 Que ce qui eſt donné à ſa nature:

319 2642 1353 184 Beste, volaillɇ, & l'hommɇ en terre dure,

1813 2653 93 242 Il

1494 2766 55 149 E

1638 2789 52 141 3
