2200 3452
377 345 1172 149 Jl a poſés commɇ en propre heritage.

374 468 1480 124 Oyſeaux en l’air chantans luy font hommage:

368 575 1397 109 Poiſſons & eaux trouuent leur nourriture.

279 667 1399 129 Tout comme il peut recognoit ſon facteur,

371 773 1483 130 Fors l’hommɇ ingrat, ne le voulant cognoiſtre.

371 880 1250 123 Veut voltigrer en l’air ſur les oyſeaux:

276 980 1126 124 Mais retenu de lourde peſanteur,

394 1096 1460 115 Commɇ vn poiſſon nageant entre deux eaux,

368 1188 1469 132 Confus en ſoy monstre qu’il cherche maistre.

725 1369 599 103 SONNET 5.

290 1495 1342 144 Qui prend la roſɇ en la piquantɇ eſpine

374 1610 1175 124 Sans ſe piquer, eſt loüé de prudence.

385 1717 1432 124 Qui constamment trauerſɇ en aſſeurance

371 1809 1356 126 Le mal caché ſous ceste grand' courtine

276 1918 1454 127 Sans ſe ſouiller, de doublɇ honneur eſt digne.

377 2036 1451 118 Mais vn qui court ayant au poing la lance,

377 2128 1206 121 Et pres du but recullɇ & deſauance,

371 2238 1402 115 Peut-on auoir d’un plus láche cœur ſigne?

279 2341 1327 121 Las, que peut-on d’un tel couard penſer?

397 2448 1186 120 Qu'il a ce fait pour autruy auancer.

380 2540 1405 132 On ont par trop ainſi parler maint homme,

293 2635 1221 201 Qui au couuert veut eſtre dict fidele:

1632 2738 248 138 Mais
