2217 3454
426 351 1295 155 Mais cependant contrefait la chandele

443 497 1221 127 Qui en ſeruant à autruy ſe conſume.

771 670 611 89 SONNET 6.

351 800 1258 141 Comme le vent pouſſant par violence

429 912 1335 135 L'ondɇ en la mer, luy fait plus embraſſer,

417 1021 1215 121 L’ambitieux tant plus veut amaſſer

429 1128 1301 124 Que preſenter on luy peut d’abondance.

331 1229 1546 132 Las, pourquoy l’hommɇ en ce poinct ne s'auance

426 1338 1284 121 Au bien que mort ne ſauroit offencer?

426 1439 1413 129 Grans dons diuins on void par nous paſſer,

420 1542 1068 133 Et ſi petit le nombre qui y penſe.

333 1640 1313 124 Me cuidons pas que tellɇ ingratitude

423 1741 1307 129 Ne couurɇ en fin l’homme de turpitude.

417 1850 1270 124 Le trop cuider l’homme ſi train deçoit.

331 1951 1290 130 Si à propos en la ſaincte Arche n'entre,

423 2063 1362 121 Sous l’onde noirɇ entrera iuſqu’au centre.

426 2167 1307 178 Le fol ne croit iuſqu'au iour qu'il reçoit.
