2208 3452
284 325 1558 172 EPISTRE SVR LA CON¬

500 471 1120 121 SERVATION DV PRE¬

774 592 593 78 SENT LIVRE.

722 768 1140 152 Ay veu ſous le Soleil cõbatre deux

788 900 426 106 montaignes,

708 992 1134 132 Cheuaux & gens armés tout cou¬

791 1116 659 100 urir és campaignes:

273 1196 1543 133 La pale faim la peur la pestɇ, & les tempestes,

267 1308 1563 124 Estonner les plus forts, les oyſeaux, & les bestes,

273 1395 1198 144 Et le bras estendu de Justice diuine,

279 1510 1477 121 Frappant ſur les humains d’une ſi fiere mine,

273 1608 1462 120 Que le plus mol cheueu de la teste bien faicte

273 1717 1436 129 Se heriſſoit en l’air plus droit qu’une ſagette.

276 1818 1413 135 L'immobilɇ element & ſa blanche ceinture

276 1924 1580 129 Ont peu voir lors couuers de vermeille teincture,

279 2028 1557 135 Les ruiſſeaux de pitié distiller gouttɇ à goutte

273 2143 1566 118 Des yeux teſmoins du cœur, qui esperance toute

282 2238 1563 120 Fichɇ au roc ſouuerain, dompteur de toute force,

284 2338 1584 135 Qui de ceux eſt prochain qu’angoiſſɇ ou trauail

276 2448 1580 117 Cõme tout œil a veu iadis, et voit encore, (force,

279 2548 1430 121 Deliurant de ſa main le peuple qui l’adore.

273 2649 1413 138 Et ne faut rechercher l’histoirɇ Egyptienne:

1661 2752 198 162 Aſſes
