2217 3454
354 368 1575 129 Aſſes de preuuɇ auons beaucoup moins ancienne.

351 480 1491 124 Venons donc à la cauſɇ & but de ces combats,

345 584 1451 132 Et qui ſont ces montaignes bataillans icy bas.

351 685 1261 129 L'vne la plus ſuperbɇ a nom Iniquité,

351 788 1258 124 Enfleɇ & orguilleuſɇ, aduerſɇ à pieté,

348 889 1333 135 Liberalɇ & communɇ à departir le ſien,

354 995 1557 139 Que l'homme fol reçoit commɇ vn hostɇ ancien,

348 1105 1543 135 Qui l’abat,mangɇ, & tuɇ, auant que le ſentir,

345 1206 1589 141 Et ſi ferme ſon huis pour ne le voir ſortir. (che,

345 1312 1584 132 L’autrɇ eſt ardãt amour, d'odeur & fruicts ſi ri¬

357 1410 1523 132 Que plus ellɇ enrichit de ſon bien le plus chiche.

345 1514 1270 118 L'vnɇ & l’autrɇ a le don de liberalité:

345 1620 1304 132 Chacune ce qu'ellɇ a donnɇ en proprieté:

339 1718 1495 147 Mais au profit des dons y a grand difference.

354 1827 1508 144 Car de l'vne les fruicts ſont de bellɇ apparence,

351 1931 1451 144 Puis les ayant mangés font ſi aigre dente

362 2037 1569 136 Qu'en pleurãt on maudit l’ente & qui l’a entee.

357 2141 1445 144 Ce que l’autre vous donnɇ icy bas à manger,

351 2242 1485 141 A quelque peu d’amer: mais il eſt ſans danger.

348 2351 1431 130 Car bien gousté qu’il ſoit, il eſt ſi ſauorable,

359 2446 1477 144 Qu’il rend le mengeur ſain à vie perdurable.

354 2550 1577 146 Les fruicts du mõt iniquɇ ont cauſé ceste guerre,

354 2653 1577 208 Et fait ce mõt ardant des cieux deſcẽdrɇ en terre

1724 2791 207 113 Pour

1560 2800 63 107 F
