<?xml version="1.0" encoding="UTF-8"?>
<alto xmlns:xsi="http://www.w3.org/2001/XMLSchema-instance"
      xmlns="http://www.loc.gov/standards/alto/ns-v4#"
      xsi:schemaLocation="http://www.loc.gov/standards/alto/ns-v4# http://www.loc.gov/standards/alto/v4/alto-4-2.xsd">
  <Description>
    <MeasurementUnit>pixel</MeasurementUnit>
    <sourceImageInformation>
      <fileName>230.jpg</fileName>
      
    </sourceImageInformation>
  </Description>
  
  <Tags>
    <OtherTag ID="BT2322" LABEL="TitlePageZone" DESCRIPTION="block type TitlePageZone"/><OtherTag ID="BT1652" LABEL="RunningTitleZone" DESCRIPTION="block type RunningTitleZone"/><OtherTag ID="BT1651" LABEL="QuireMarksZone" DESCRIPTION="block type QuireMarksZone"/><OtherTag ID="BT1650" LABEL="NumberingZone" DESCRIPTION="block type NumberingZone"/><OtherTag ID="BT1648" LABEL="TitlePageZone" DESCRIPTION="block type TitlePageZone"/><OtherTag ID="BT1647" LABEL="StampZone" DESCRIPTION="block type StampZone"/><OtherTag ID="BT1646" LABEL="DropCapitalZone" DESCRIPTION="block type DropCapitalZone"/><OtherTag ID="BT1645" LABEL="GraphicZone" DESCRIPTION="block type GraphicZone"/><OtherTag ID="BT1644" LABEL="MainZone" DESCRIPTION="block type MainZone"/>
    <OtherTag ID="LT551" LABEL="DefaultLine" DESCRIPTION="line type DefaultLine"/><OtherTag ID="LT550" LABEL="DropCapitalLine" DESCRIPTION="line type DropCapitalLine"/><OtherTag ID="LT549" LABEL="HeadingLine" DESCRIPTION="line type HeadingLine"/>
  </Tags>
  
  <Layout>
    <Page WIDTH="2208"
          HEIGHT="3448"
          PHYSICAL_IMG_NR="228"
          ID="eSc_dummypage_">
      <PrintSpace HPOS="0"
                  VPOS="0"
                  WIDTH="2208"
                  HEIGHT="3448">
        
        <TextBlock HPOS="264"
                   VPOS="276"
                   WIDTH="1619"
                   HEIGHT="2513"
                   ID="eSc_textblock_5000cbee"
                   TAGREFS="BT1644">
          <Shape><Polygon POINTS="1549 390 1610 482 1837 505 1825 652 1871 755 1860 813 1768 859 1848 884 1871 942 1871 1226 1802 1287 1791 1479 1860 1551 1883 2134 1779 2249 1641 2310 1607 2433 1653 2629 1848 2689 1856 2763 1689 2765 1445 2789 276 2767 264 448 287 390 793 280 1296 276"/></Shape>
          
          
          <TextLine ID="eSc_line_21fcaf37"
                    TAGREFS="LT549"
                    BASELINE="853 330 1282 336" 
                    HPOS="851"
                    VPOS="235"
                    WIDTH="431"
                    HEIGHT="109">
            <Shape><Polygon POINTS="853 330 853 235 1279 252 1282 336 1279 341 851 344"/></Shape>
	    <String CONTENT="ÆNIGME."
                    HPOS="851"
                    VPOS="235"
                    WIDTH="431"
                    HEIGHT="109"></String>
          </TextLine>

          
          
          <TextLine ID="eSc_line_f410073a"
                    TAGREFS="LT551"
                    BASELINE="273 474 1546 465" 
                    HPOS="258"
                    VPOS="367"
                    WIDTH="1288"
                    HEIGHT="135">
            <Shape><Polygon POINTS="273 474 258 399 296 376 299 376 301 376 304 376 307 376 365 396 365 399 491 399 494 393 514 376 514 373 517 373 520 373 523 373 595 373 598 373 635 390 644 396 655 390 695 370 698 370 701 370 704 370 738 387 750 393 761 387 784 379 787 379 790 379 839 385 885 393 894 385 908 373 908 370 911 370 914 370 917 370 1000 370 1003 370 1029 382 1055 393 1201 393 1224 376 1236 367 1239 367 1242 367 1244 367 1328 376 1492 390 1535 370 1546 465 1546 476 1506 494 1503 494 1503 497 1253 497 1250 494 1247 494 1213 485 1193 479 1170 485 1121 497 1118 497 1115 497 1063 488 1037 482 1006 488 963 497 960 497 908 491 853 482 845 491 839 494 839 497 836 497 833 497 830 497 750 494 595 485 514 497 497 499 494 499 471 499 316 485 276 502"/></Shape>
	    <String CONTENT="Pour abatre l&#39;orgueil, la ragɇ &amp; dureté"
                    HPOS="258"
                    VPOS="367"
                    WIDTH="1288"
                    HEIGHT="135"></String>
          </TextLine>

          
          
          <TextLine ID="eSc_line_b0179aad"
                    TAGREFS="LT551"
                    BASELINE="273 577 1814 577" 
                    HPOS="270"
                    VPOS="479"
                    WIDTH="1549"
                    HEIGHT="124">
            <Shape><Polygon POINTS="273 577 273 488 526 499 566 485 569 485 572 485 575 485 577 485 600 499 632 485 646 479 649 479 652 479 655 479 672 485 727 502 879 502 902 482 905 479 908 479 911 479 914 479 1052 479 1055 479 1058 479 1058 482 1060 482 1078 502 1118 502 1213 482 1230 479 1233 479 1236 479 1244 482 1299 499 1325 482 1325 479 1328 479 1331 479 1334 479 1336 479 1339 479 1339 482 1359 497 1377 482 1377 479 1380 479 1382 479 1385 479 1529 479 1532 479 1535 479 1561 502 1730 502 1808 479 1814 577 1819 586 1799 603 1796 603 1794 603 1791 603 1788 603 1748 589 1612 603 1610 603 1526 589 1348 603 1345 603 1135 589 1055 603 1052 603 963 589 960 589 954 589 623 603 621 603 270 589"/></Shape>
	    <String CONTENT="Du mont ſumeux d’orgueil, haynɇ &amp; impureté,"
                    HPOS="270"
                    VPOS="479"
                    WIDTH="1549"
                    HEIGHT="124"></String>
          </TextLine>

          
          
          <TextLine ID="eSc_line_4a149984"
                    TAGREFS="LT551"
                    BASELINE="284 678 1748 669" 
                    HPOS="273"
                    VPOS="583"
                    WIDTH="1475"
                    HEIGHT="126">
            <Shape><Polygon POINTS="284 678 273 614 296 591 296 589 299 589 301 589 304 589 356 589 359 589 362 589 362 591 385 612 445 612 465 591 465 589 468 589 471 589 474 589 672 609 761 586 764 586 767 586 862 600 920 586 922 586 925 586 928 586 931 586 931 589 951 606 1181 586 1184 586 1187 586 1190 586 1190 589 1210 609 1250 609 1394 583 1397 583 1486 583 1489 583 1492 583 1492 586 1512 606 1742 606 1748 669 1745 683 1250 703 1247 703 1037 698 776 689 761 703 759 703 759 706 756 706 753 706 750 706 692 703 526 692 284 709"/></Shape>
	    <String CONTENT="Qui ſe cognoiſſant bien ſur le poinct de creuer"
                    HPOS="273"
                    VPOS="583"
                    WIDTH="1475"
                    HEIGHT="126"></String>
          </TextLine>

          
          
          <TextLine ID="eSc_line_f26551be"
                    TAGREFS="LT551"
                    BASELINE="273 781 1851 772" 
                    HPOS="267"
                    VPOS="692"
                    WIDTH="1584"
                    HEIGHT="121">
            <Shape><Polygon POINTS="273 781 267 698 422 695 425 695 428 695 431 695 431 698 434 698 454 715 520 698 537 695 540 695 543 695 560 698 626 715 698 701 724 695 727 695 756 701 810 712 822 701 830 695 830 692 833 692 836 692 839 692 925 701 1032 712 1161 703 1242 698 1244 698 1845 709 1851 772 1851 790 1791 807 1788 807 1785 807 1587 795 1549 793 1546 795 1532 807 1529 807 1526 807 1526 810 1380 810 1377 807 1374 807 1342 798 1325 793 1313 798 1290 810 1288 810 1285 810 1282 810 1279 810 1265 798 1259 795 1190 798 1026 810 1023 810 1020 810 1017 810 1006 801 994 795 851 795 825 804 799 813 796 813 793 813 790 813 787 813 776 804 764 798 738 804 710 813 707 813 704 813 661 807 606 798 273 810"/></Shape>
	    <String CONTENT="Raſſambloit ſes ſubiets ne pouuant paix trouuer"
                    HPOS="267"
                    VPOS="692"
                    WIDTH="1584"
                    HEIGHT="121"></String>
          </TextLine>

          
          
          <TextLine ID="eSc_line_3742bcd1"
                    TAGREFS="LT551"
                    BASELINE="273 884 1676 879" 
                    HPOS="270"
                    VPOS="798"
                    WIDTH="1406"
                    HEIGHT="107">
            <Shape><Polygon POINTS="273 884 270 807 899 818 945 804 966 798 968 798 971 798 974 798 989 804 1017 816 1083 804 1118 798 1121 798 1124 798 1147 804 1190 816 1204 804 1210 798 1213 798 1216 798 1219 798 1250 804 1313 816 1334 804 1339 798 1342 798 1345 798 1348 798 1351 798 1354 798 1359 804 1382 816 1667 804 1676 879 1670 905 270 902"/></Shape>
	    <String CONTENT="En terrɇ, en mer, en ſoy, en la mort, ou enfer."
                    HPOS="270"
                    VPOS="798"
                    WIDTH="1406"
                    HEIGHT="107"></String>
          </TextLine>

          
          
          <TextLine ID="eSc_line_f01ad0b0"
                    TAGREFS="LT551"
                    BASELINE="273 982 1854 991" 
                    HPOS="261"
                    VPOS="890"
                    WIDTH="1593"
                    HEIGHT="130">
            <Shape><Polygon POINTS="273 982 267 907 319 893 322 893 324 893 327 893 330 893 347 907 356 913 439 913 445 907 460 893 460 890 462 890 465 890 468 890 471 890 531 905 606 890 609 890 612 890 672 907 684 910 690 907 721 890 724 890 727 890 730 890 782 905 845 893 848 893 851 893 888 907 905 916 1081 916 1086 907 1101 896 1101 893 1104 893 1106 893 1109 893 1112 893 1144 907 1155 916 1242 916 1250 907 1267 893 1270 893 1273 893 1276 893 1279 893 1322 907 1345 919 1480 919 1492 907 1506 896 1509 896 1512 896 1515 896 1610 896 1612 896 1615 896 1615 899 1627 907 1635 916 1664 907 1719 896 1722 896 1725 896 1768 907 1796 916 1851 910 1854 991 1851 1002 1699 1020 1696 1020 1693 1020 1690 1020 1673 1002 1670 1002 1575 1002 1569 1002 1472 1020 1469 1020 1466 1020 1463 1020 1434 1002 1219 1014 1216 1014 1101 999 1095 999 1086 999 802 1017 799 1017 621 999 569 1014 566 1014 563 1014 324 999 301 1011 299 1011 296 1011 293 1011 290 1011 261 994"/></Shape>
	    <String CONTENT="Ses eſchelles dreſſoit pour du ciel triompher, (tes,"
                    HPOS="261"
                    VPOS="890"
                    WIDTH="1593"
                    HEIGHT="130"></String>
          </TextLine>

          
          
          <TextLine ID="eSc_line_e501dff6"
                    TAGREFS="LT551"
                    BASELINE="287 1091 1854 1077" 
                    HPOS="276"
                    VPOS="988"
                    WIDTH="1578"
                    HEIGHT="132">
            <Shape><Polygon POINTS="287 1091 276 1025 299 1002 299 999 301 999 304 999 307 999 500 999 503 999 506 999 531 1022 592 1022 646 997 649 997 652 997 759 1017 851 997 853 997 856 997 859 997 891 1017 957 994 960 994 963 994 1098 1014 1147 994 1150 994 1152 994 1273 1011 1290 997 1290 994 1293 994 1296 994 1299 994 1380 1008 1449 991 1451 991 1454 991 1457 991 1535 1011 1624 1011 1653 988 1656 988 1658 988 1661 988 1664 988 1704 1008 1750 991 1753 991 1756 991 1848 1011 1854 1077 1851 1091 1696 1111 1693 1111 1503 1100 1497 1100 1489 1100 1342 1114 1339 1114 1273 1103 1230 1097 1155 1106 1055 1117 1052 1117 1049 1117 1012 1109 980 1100 948 1109 914 1120 911 1120 908 1120 905 1120 882 1111 865 1103 819 1111 787 1117 784 1117 727 1114 598 1103 287 1120"/></Shape>
	    <String CONTENT="Quãd ce mõt embraßãt, nõles neuf ſœurs ſeule¬"
                    HPOS="276"
                    VPOS="988"
                    WIDTH="1578"
                    HEIGHT="132"></String>
          </TextLine>

          
          
          <TextLine ID="eSc_line_1245f072"
                    TAGREFS="LT551"
                    BASELINE="276 1195 1860 1195" 
                    HPOS="270"
                    VPOS="1106"
                    WIDTH="1590"
                    HEIGHT="103">
            <Shape><Polygon POINTS="276 1195 270 1123 333 1106 336 1106 339 1106 422 1123 445 1126 477 1123 589 1109 592 1109 595 1109 626 1123 635 1126 658 1123 741 1111 744 1111 807 1123 822 1126 825 1123 845 1109 848 1109 851 1109 853 1109 856 1109 897 1123 905 1126 917 1123 1006 1106 1009 1106 1012 1106 1049 1126 1052 1126 1063 1126 1175 1106 1178 1106 1181 1106 1216 1126 1219 1126 1227 1126 1351 1106 1354 1106 1357 1106 1397 1126 1400 1126 1472 1106 1474 1106 1477 1106 1480 1106 1529 1126 1604 1106 1607 1106 1610 1106 1612 1106 1615 1106 1641 1126 1722 1111 1725 1111 1860 1129 1860 1195 1857 1209 273 1206"/></Shape>
	    <String CONTENT="Mais tout en tout ça bas ſus et ſous les planettes,"
                    HPOS="270"
                    VPOS="1106"
                    WIDTH="1590"
                    HEIGHT="103"></String>
          </TextLine>

          
          
          <TextLine ID="eSc_line_13b37380"
                    TAGREFS="LT551"
                    BASELINE="276 1298 1771 1293" 
                    HPOS="270"
                    VPOS="1201"
                    WIDTH="1501"
                    HEIGHT="123">
            <Shape><Polygon POINTS="276 1298 270 1212 356 1203 359 1203 362 1203 396 1212 457 1226 552 1226 563 1212 569 1209 569 1206 572 1206 575 1206 848 1203 851 1203 853 1203 856 1203 871 1218 882 1226 899 1218 922 1206 925 1206 928 1206 977 1218 1017 1226 1075 1218 1196 1201 1198 1201 1201 1201 1204 1201 1236 1221 1242 1224 1279 1221 1434 1203 1437 1203 1440 1203 1443 1203 1466 1224 1469 1226 1532 1226 1538 1224 1604 1201 1607 1201 1610 1201 1612 1201 1615 1201 1615 1203 1638 1224 1638 1226 1765 1226 1771 1293 1765 1318 1029 1307 793 1321 790 1321 365 1310 276 1324"/></Shape>
	    <String CONTENT="Entreprit le combat contre l’autrɇ orguilleux,"
                    HPOS="270"
                    VPOS="1201"
                    WIDTH="1501"
                    HEIGHT="123"></String>
          </TextLine>

          
          
          <TextLine ID="eSc_line_0a66487c"
                    TAGREFS="LT551"
                    BASELINE="276 1402 1765 1393" 
                    HPOS="264"
                    VPOS="1307"
                    WIDTH="1501"
                    HEIGHT="112">
            <Shape><Polygon POINTS="276 1402 264 1333 290 1313 293 1313 296 1313 299 1313 448 1333 454 1333 497 1313 500 1313 503 1313 506 1313 580 1333 583 1333 586 1333 626 1313 629 1313 632 1313 635 1313 672 1333 675 1333 701 1318 704 1318 707 1318 842 1330 879 1310 882 1310 885 1310 888 1310 934 1330 966 1310 968 1310 971 1310 974 1310 977 1310 1020 1330 1020 1333 1224 1333 1227 1330 1285 1307 1288 1307 1290 1307 1365 1307 1368 1307 1371 1307 1371 1310 1391 1330 1457 1330 1492 1307 1495 1307 1497 1307 1500 1307 1503 1307 1555 1330 1759 1330 1765 1393 1762 1419 276 1419"/></Shape>
	    <String CONTENT="Et mal gré nous, pour nous en fut viectorieux."
                    HPOS="264"
                    VPOS="1307"
                    WIDTH="1501"
                    HEIGHT="112"></String>
          </TextLine>

          
          
          <TextLine ID="eSc_line_adb16fb2"
                    TAGREFS="LT551"
                    BASELINE="278 1505 1756 1497" 
                    HPOS="264"
                    VPOS="1407"
                    WIDTH="1492"
                    HEIGHT="130">
            <Shape><Polygon POINTS="278 1505 264 1439 281 1416 284 1416 284 1413 287 1413 290 1413 293 1413 422 1413 425 1413 428 1413 428 1416 442 1428 514 1413 517 1413 520 1413 523 1413 543 1430 629 1416 632 1416 704 1430 761 1410 764 1410 767 1410 836 1425 905 1410 908 1410 911 1410 914 1410 934 1430 1075 1430 1227 1430 1230 1428 1267 1407 1270 1407 1273 1407 1276 1407 1322 1425 1322 1428 1411 1428 1414 1425 1440 1407 1443 1407 1446 1407 1449 1407 1750 1422 1756 1497 1750 1528 1305 1514 833 1514 770 1534 767 1534 764 1534 759 1534 494 1519 368 1534 365 1534 362 1534 333 1519 281 1537"/></Shape>
	    <String CONTENT="Je dy donc malgré nous car nostre mal flatant"
                    HPOS="264"
                    VPOS="1407"
                    WIDTH="1492"
                    HEIGHT="130"></String>
          </TextLine>

          
          
          <TextLine ID="eSc_line_c4273f59"
                    TAGREFS="LT551"
                    BASELINE="273 1606 1845 1606" 
                    HPOS="267"
                    VPOS="1522"
                    WIDTH="1578"
                    HEIGHT="98">
            <Shape><Polygon POINTS="273 1606 267 1542 304 1522 307 1522 310 1522 396 1540 462 1522 465 1522 468 1522 471 1522 514 1542 598 1542 626 1522 629 1522 632 1522 635 1522 715 1540 776 1522 779 1522 782 1522 784 1522 853 1540 980 1522 983 1522 986 1522 1040 1540 1262 1540 1288 1522 1290 1522 1293 1522 1296 1522 1431 1542 1561 1542 1581 1522 1584 1522 1587 1522 1589 1522 1845 1542 1845 1606 1845 1617 273 1620"/></Shape>
	    <String CONTENT="Courions cõmɇ enragés nous meſmes combatant."
                    HPOS="267"
                    VPOS="1522"
                    WIDTH="1578"
                    HEIGHT="98"></String>
          </TextLine>

          
          
          <TextLine ID="eSc_line_aec7da76"
                    TAGREFS="LT551"
                    BASELINE="278 1712 1791 1703" 
                    HPOS="264"
                    VPOS="1620"
                    WIDTH="1527"
                    HEIGHT="115">
            <Shape><Polygon POINTS="278 1712 264 1652 281 1629 284 1629 284 1626 287 1626 290 1626 293 1626 448 1643 603 1626 606 1626 925 1640 948 1623 951 1623 954 1623 957 1623 1118 1640 1152 1623 1155 1623 1158 1623 1161 1623 1207 1634 1302 1620 1305 1620 1308 1620 1357 1640 1785 1640 1791 1703 1791 1715 1750 1732 1748 1732 1748 1735 1457 1735 1454 1732 1371 1718 1365 1718 1357 1718 1265 1735 1262 1735 276 1724"/></Shape>
	    <String CONTENT="En ce combat mortel le mondɇ accompaignoit"
                    HPOS="264"
                    VPOS="1620"
                    WIDTH="1527"
                    HEIGHT="115"></String>
          </TextLine>

          
          
          <TextLine ID="eSc_line_90d384b4"
                    TAGREFS="LT551"
                    BASELINE="273 1813 1863 1804" 
                    HPOS="267"
                    VPOS="1721"
                    WIDTH="1596"
                    HEIGHT="123">
            <Shape><Polygon POINTS="273 1813 267 1741 333 1726 336 1726 339 1726 342 1726 342 1729 353 1741 359 1746 577 1746 606 1741 692 1726 695 1726 698 1726 701 1726 701 1729 713 1741 715 1741 718 1741 736 1729 738 1729 741 1729 744 1729 747 1729 779 1741 787 1744 796 1741 836 1724 839 1724 842 1724 1035 1724 1037 1724 1040 1724 1040 1726 1058 1741 1075 1741 1313 1724 1316 1724 1397 1738 1423 1721 1426 1721 1428 1721 1431 1721 1434 1721 1486 1738 1825 1721 1828 1721 1831 1721 1834 1721 1863 1741 1863 1804 1860 1827 1518 1838 1515 1838 1420 1830 1362 1824 1276 1830 1106 1841 1104 1841 1101 1841 1060 1830 1046 1827 1032 1830 986 1841 983 1841 980 1841 922 1830 902 1827 853 1830 690 1844 687 1844 684 1844 658 1830 652 1830 273 1830"/></Shape>
	    <String CONTENT="Sous mont de mal, Hidra qui ſes testes plaignoit."
                    HPOS="267"
                    VPOS="1721"
                    WIDTH="1596"
                    HEIGHT="123"></String>
          </TextLine>

          
          
          <TextLine ID="eSc_line_48e6ff09"
                    TAGREFS="LT551"
                    BASELINE="278 1919 1796 1913" 
                    HPOS="267"
                    VPOS="1824"
                    WIDTH="1529"
                    HEIGHT="126">
            <Shape><Polygon POINTS="278 1919 267 1856 290 1830 290 1827 293 1827 296 1827 299 1827 368 1827 370 1827 373 1827 373 1830 391 1847 425 1827 428 1827 431 1827 434 1827 494 1850 595 1850 638 1827 641 1827 644 1827 813 1847 885 1827 888 1827 891 1827 1112 1844 1141 1824 1144 1824 1147 1824 1150 1824 1791 1847 1796 1913 1794 1930 1595 1948 1592 1948 1589 1948 1587 1948 1569 1933 1564 1930 1400 1930 1391 1933 1368 1948 1365 1948 1362 1948 1359 1948 1198 1933 1161 1930 1147 1933 1089 1948 1086 1948 1083 1948 1081 1948 1078 1948 1055 1933 1049 1930 1029 1933 934 1950 931 1950 842 1933 833 1933 822 1933 692 1950 690 1950 276 1933"/></Shape>
	    <String CONTENT="Riches, puiſſans &amp; forts, foibles &amp; courageux"
                    HPOS="267"
                    VPOS="1824"
                    WIDTH="1529"
                    HEIGHT="126"></String>
          </TextLine>

          
          
          <TextLine ID="eSc_line_e9b5e2c0"
                    TAGREFS="LT551"
                    BASELINE="273 2022 1868 2022" 
                    HPOS="267"
                    VPOS="1933"
                    WIDTH="1607"
                    HEIGHT="115">
            <Shape><Polygon POINTS="273 2022 267 1953 313 1933 316 1933 319 1933 322 1933 368 1953 635 1953 667 1933 669 1933 672 1933 675 1933 678 1933 715 1950 787 1933 790 1933 793 1933 796 1933 851 1948 897 1933 899 1933 902 1933 905 1933 908 1933 937 1950 1032 1933 1035 1933 1037 1933 1101 1950 1187 1933 1190 1933 1193 1933 1262 1953 1377 1953 1394 1936 1394 1933 1397 1933 1400 1933 1403 1933 1776 1950 1828 1933 1831 1933 1834 1933 1837 1933 1840 1933 1874 1953 1868 2022 1868 2040 273 2048"/></Shape>
	    <String CONTENT="Couroyent ſous l’estandart de ce mõstre fangeux,"
                    HPOS="267"
                    VPOS="1933"
                    WIDTH="1607"
                    HEIGHT="115"></String>
          </TextLine>

          
          
          <TextLine ID="eSc_line_5bc3b2ef"
                    TAGREFS="LT551"
                    BASELINE="273 2126 1865 2126" 
                    HPOS="264"
                    VPOS="2040"
                    WIDTH="1604"
                    HEIGHT="120">
            <Shape><Polygon POINTS="273 2126 270 2054 347 2040 350 2040 353 2040 356 2040 376 2054 388 2063 514 2063 523 2054 531 2045 534 2045 537 2045 540 2045 655 2054 721 2060 744 2054 784 2045 787 2045 790 2045 856 2057 882 2060 891 2057 928 2040 931 2040 934 2040 1158 2040 1161 2040 1207 2057 1213 2063 1684 2063 1687 2060 1782 2040 1785 2040 1788 2040 1868 2063 1865 2126 1865 2149 1595 2157 1592 2157 1589 2157 1561 2149 1543 2143 1497 2149 1411 2157 1408 2157 1328 2146 1299 2143 1293 2146 1279 2157 1276 2157 1273 2157 1270 2157 1267 2157 1239 2146 1227 2143 1213 2146 1155 2157 1152 2157 1150 2157 1104 2146 1092 2143 1078 2146 1009 2157 1006 2157 1003 2157 1000 2157 1000 2155 989 2143 986 2143 810 2143 807 2143 779 2157 776 2157 776 2160 606 2160 603 2157 600 2157 546 2143 448 2157 445 2157 353 2143 299 2157 296 2157 293 2157 290 2157 287 2157 264 2140"/></Shape>
	    <String CONTENT="Fors aucuns, qui cacheZ estoyent en petit nombre,"
                    HPOS="264"
                    VPOS="2040"
                    WIDTH="1604"
                    HEIGHT="120"></String>
          </TextLine>

          
          
          <TextLine ID="eSc_line_d3f4f26c"
                    TAGREFS="LT551"
                    BASELINE="273 2229 1768 2221" 
                    HPOS="261"
                    VPOS="2134"
                    WIDTH="1507"
                    HEIGHT="118">
            <Shape><Polygon POINTS="273 2229 261 2166 304 2140 307 2140 310 2140 313 2140 428 2157 448 2140 451 2140 454 2140 457 2140 566 2140 569 2140 572 2140 600 2160 707 2140 710 2140 713 2140 764 2160 810 2137 813 2137 816 2137 819 2137 865 2155 937 2137 940 2137 943 2137 945 2137 1017 2160 1178 2160 1207 2137 1210 2137 1213 2137 1216 2137 1219 2137 1259 2157 1288 2134 1290 2134 1293 2134 1296 2134 1299 2134 1339 2157 1417 2157 1440 2137 1440 2134 1443 2134 1446 2134 1449 2134 1451 2134 1515 2155 1624 2155 1641 2137 1641 2134 1644 2134 1647 2134 1650 2134 1762 2157 1768 2221 1762 2252 270 2246"/></Shape>
	    <String CONTENT="Sous le bouclier de Foy, retirés ſous ſon ombre."
                    HPOS="261"
                    VPOS="2134"
                    WIDTH="1507"
                    HEIGHT="118"></String>
          </TextLine>

          
          
          <TextLine ID="eSc_line_181511c9"
                    TAGREFS="LT551"
                    BASELINE="276 2333 1604 2333" 
                    HPOS="267"
                    VPOS="2244"
                    WIDTH="1337"
                    HEIGHT="106">
            <Shape><Polygon POINTS="276 2333 267 2264 296 2244 299 2244 301 2244 304 2244 307 2244 356 2261 408 2244 411 2244 414 2244 416 2244 468 2264 552 2264 569 2246 569 2244 572 2244 575 2244 577 2244 580 2244 649 2261 687 2244 690 2244 692 2244 767 2258 842 2244 845 2244 848 2244 851 2244 851 2246 868 2261 1000 2244 1003 2244 1086 2264 1181 2264 1219 2244 1221 2244 1224 2244 1227 2244 1276 2261 1325 2244 1328 2244 1331 2244 1334 2244 1380 2261 1434 2244 1437 2244 1440 2244 1443 2244 1446 2244 1446 2246 1460 2261 1604 2264 1604 2333 1604 2350 276 2350"/></Shape>
	    <String CONTENT="La bataille fuit fierɇ, &amp; pirɇ à ſoustenir."
                    HPOS="267"
                    VPOS="2244"
                    WIDTH="1337"
                    HEIGHT="106"></String>
          </TextLine>

          
          
          <TextLine ID="eSc_line_0f232808"
                    TAGREFS="LT551"
                    BASELINE="273 2433 1552 2433" 
                    HPOS="270"
                    VPOS="2347"
                    WIDTH="1282"
                    HEIGHT="103">
            <Shape><Polygon POINTS="273 2433 270 2364 342 2347 345 2347 347 2347 350 2347 370 2364 376 2370 563 2370 577 2364 632 2347 635 2347 638 2347 641 2347 644 2347 667 2364 692 2347 695 2347 698 2347 701 2347 704 2347 738 2364 744 2367 773 2364 885 2350 888 2350 891 2350 894 2350 914 2364 917 2367 917 2364 943 2347 945 2347 948 2347 951 2347 954 2347 1012 2361 1026 2347 1029 2347 1032 2347 1035 2347 1037 2347 1081 2364 1086 2367 1089 2364 1112 2347 1115 2347 1118 2347 1121 2347 1247 2347 1250 2347 1290 2364 1296 2367 1302 2364 1348 2347 1351 2347 1354 2347 1357 2347 1359 2347 1359 2350 1377 2364 1380 2367 1549 2367 1552 2433 1552 2448 273 2450"/></Shape>
	    <String CONTENT="Ce qui restoit encor de mal à l’aduenir."
                    HPOS="270"
                    VPOS="2347"
                    WIDTH="1282"
                    HEIGHT="103"></String>
          </TextLine>

          
          
          <TextLine ID="eSc_line_92c33c69"
                    TAGREFS="LT551"
                    BASELINE="273 2540 1595 2534" 
                    HPOS="267"
                    VPOS="2448"
                    WIDTH="1328"
                    HEIGHT="123">
            <Shape><Polygon POINTS="273 2540 267 2476 336 2473 359 2453 359 2450 362 2450 365 2450 368 2450 370 2450 425 2468 483 2456 485 2456 488 2456 537 2471 606 2450 609 2450 612 2450 615 2450 618 2450 649 2473 782 2473 822 2450 825 2450 828 2450 980 2468 1118 2448 1121 2448 1124 2448 1175 2468 1219 2448 1221 2448 1224 2448 1391 2448 1394 2448 1451 2468 1506 2448 1509 2448 1512 2448 1515 2448 1592 2471 1595 2534 1592 2554 1500 2554 1486 2565 1486 2568 1483 2568 1480 2568 1477 2568 1276 2554 1262 2554 1256 2554 1207 2568 1204 2568 1204 2571 1201 2568 1198 2568 1150 2554 1144 2554 1121 2554 943 2568 940 2568 730 2557 718 2557 684 2571 681 2571 678 2571 270 2557"/></Shape>
	    <String CONTENT="A quoy la prouidencɇ &amp; infallible ſoin"
                    HPOS="267"
                    VPOS="2448"
                    WIDTH="1328"
                    HEIGHT="123"></String>
          </TextLine>

          
          
          <TextLine ID="eSc_line_466444cc"
                    TAGREFS="LT551"
                    BASELINE="276 2640 1630 2646" 
                    HPOS="270"
                    VPOS="2551"
                    WIDTH="1363"
                    HEIGHT="124">
            <Shape><Polygon POINTS="276 2640 273 2574 365 2551 368 2551 370 2551 373 2551 373 2554 396 2574 399 2577 554 2577 557 2574 621 2551 623 2551 626 2551 629 2551 632 2551 669 2574 727 2557 730 2557 733 2557 736 2557 738 2557 767 2574 885 2551 888 2551 891 2551 951 2577 954 2577 957 2577 1003 2554 1006 2554 1009 2554 1012 2554 1060 2577 1063 2577 1078 2577 1207 2563 1210 2563 1213 2563 1216 2563 1230 2574 1250 2557 1250 2554 1253 2554 1256 2554 1259 2554 1262 2554 1336 2571 1423 2554 1426 2554 1428 2554 1431 2554 1457 2574 1480 2554 1483 2554 1486 2554 1489 2554 1555 2554 1558 2554 1633 2580 1630 2646 1627 2657 1469 2675 1466 2675 1463 2675 1417 2660 1092 2660 1089 2660 1072 2675 1069 2675 1066 2675 1063 2675 925 2660 888 2657 810 2660 592 2672 589 2672 270 2660"/></Shape>
	    <String CONTENT="Du pere ſur tous bon, ſuruint à tel beſoin,"
                    HPOS="270"
                    VPOS="2551"
                    WIDTH="1363"
                    HEIGHT="124"></String>
          </TextLine>

          
          
          <TextLine ID="eSc_line_98faccf1"
                    TAGREFS="LT551"
                    BASELINE="276 2741 1837 2749" 
                    HPOS="267"
                    VPOS="2654"
                    WIDTH="1570"
                    HEIGHT="196">
            <Shape><Polygon POINTS="276 2741 267 2672 290 2654 293 2654 296 2654 299 2654 301 2654 359 2672 368 2675 411 2675 747 2654 750 2654 753 2654 799 2675 802 2677 807 2675 842 2657 845 2657 848 2657 851 2657 891 2677 894 2680 1060 2680 1063 2677 1086 2657 1089 2657 1092 2657 1095 2657 1282 2657 1285 2657 1334 2677 1339 2683 1437 2683 1440 2680 1460 2663 1460 2660 1463 2660 1466 2660 1469 2660 1472 2660 1538 2677 1564 2660 1566 2660 1569 2660 1572 2660 1670 2660 1673 2660 1710 2680 1713 2683 1834 2683 1837 2749 1834 2850 1661 2850 1658 2847 1656 2847 1653 2847 1653 2844 1587 2801 1457 2818 1454 2818 1451 2818 1403 2801 1345 2821 1342 2821 1339 2821 1336 2821 1290 2798 1256 2815 1253 2815 1250 2815 1150 2801 1066 2835 1058 2838 1055 2838 1052 2838 1049 2838 1046 2838 1043 2835 997 2804 957 2833 943 2844 940 2844 937 2844 934 2844 931 2844 899 2833 848 2815 773 2824 770 2824 767 2824 713 2795 629 2827 626 2827 623 2827 621 2827 537 2807 477 2821 474 2821 471 2821 468 2821 411 2798 273 2821"/></Shape>
	    <String CONTENT="Enuoyant ſon ſein, mon d’amour ſur la terre,"
                    HPOS="267"
                    VPOS="2654"
                    WIDTH="1570"
                    HEIGHT="196"></String>
          </TextLine>

          
        </TextBlock>
        
        <TextBlock HPOS="1715"
                   VPOS="2779"
                   WIDTH="164"
                   HEIGHT="98"
                   ID="eSc_textblock_e9c002fa"
                   TAGREFS="BT1651">
          <Shape><Polygon POINTS="1722 2779 1715 2877 1879 2877 1879 2781"/></Shape>
          
          
          <TextLine ID="eSc_line_15fceb51"
                    TAGREFS="LT551"
                    BASELINE="1725 2858 1865 2844" 
                    HPOS="1710"
                    VPOS="2744"
                    WIDTH="155"
                    HEIGHT="155">
            <Shape><Polygon POINTS="1725 2858 1710 2749 1750 2744 1753 2744 1756 2744 1759 2744 1773 2755 1799 2778 1854 2767 1865 2844 1865 2899 1725 2896"/></Shape>
	    <String CONTENT="Qui"
                    HPOS="1710"
                    VPOS="2744"
                    WIDTH="155"
                    HEIGHT="155"></String>
          </TextLine>

          
        </TextBlock>
        

        
      </PrintSpace>
    </Page>
  </Layout>
</alto>
