2217 3454
362 362 1440 164 Qui le mont de peché confont, briſɇ & aterre:

333 495 1365 126 Si que tombant en bas creua par le milieu,

339 592 1581 133 Eſpandãt ſes entrailles ſur la terrɇ en maint lieu,

342 702 1480 129 Dont ce mondɇ eſt ſoüillé, qui encore ſe cache

333 817 1573 106 Sous le manteau obſcur qui couure mainte tache.

345 909 1514 124 O que mieux eſt couuert, ſi bien ie m'en recorde,

354 1013 1396 129 Qui eſt ſous le manteau de ta miſericorde,

339 1122 1359 118 O puriſſant Eternelle que nuict a couuert,

336 1220 1495 129 Par le tour la ſuiuant eſt ſoudain deſcouuert.

339 1326 1325 124 Et cela qu’une fors ton manteau à caché,

354 1421 1569 144 Comme n'eſtant n’appert, dont n'eſt plus reproché.

348 1534 1537 129 Or tout ainſi eſt ſeur qui ſe tient ſous ta garde,

342 1632 1489 135 Soit tout glaiues, & feux, de perir il n’a garde.

342 1741 1437 127 Ainſi (petit liuret) qui me tiens er ton ſein,

342 1850 1221 118 Celui te deliura par ſa benigme main,

348 1942 1439 133 Duquel chantes le los & annonces la gloire.

365 2055 1561 121 Quand mont d’armour ça bas eut ſi belle victoire,

351 2144 1333 141 En ſa main estoit lors qu’il te ſit deſloger

345 2256 1489 124 Du pauillon de Mars, & en ſainct lieu loger.

342 2363 1434 126 Encores te gardoit quand tout autour de toy

359 2475 1555 118 La pestɇ enuironnoit, fors l’homme plein de foy,

374 2570 1560 124 Qui te priſɇ & cherit nõ moins que ſon pprɇ œil,

362 2679 1561 141 Et qui en te perdant n'euſt pas eu moins de dueil

1580 2777 78 130 2

1747 2771 182 162 Que

1485 2812 61 83 F
