<?xml version="1.0" encoding="UTF-8"?>
<alto xmlns:xsi="http://www.w3.org/2001/XMLSchema-instance"
      xmlns="http://www.loc.gov/standards/alto/ns-v4#"
      xsi:schemaLocation="http://www.loc.gov/standards/alto/ns-v4# http://www.loc.gov/standards/alto/v4/alto-4-2.xsd">
  <Description>
    <MeasurementUnit>pixel</MeasurementUnit>
    <sourceImageInformation>
      <fileName>232.jpg</fileName>
      
    </sourceImageInformation>
  </Description>
  
  <Tags>
    <OtherTag ID="BT2322" LABEL="TitlePageZone" DESCRIPTION="block type TitlePageZone"/><OtherTag ID="BT1652" LABEL="RunningTitleZone" DESCRIPTION="block type RunningTitleZone"/><OtherTag ID="BT1651" LABEL="QuireMarksZone" DESCRIPTION="block type QuireMarksZone"/><OtherTag ID="BT1650" LABEL="NumberingZone" DESCRIPTION="block type NumberingZone"/><OtherTag ID="BT1648" LABEL="TitlePageZone" DESCRIPTION="block type TitlePageZone"/><OtherTag ID="BT1647" LABEL="StampZone" DESCRIPTION="block type StampZone"/><OtherTag ID="BT1646" LABEL="DropCapitalZone" DESCRIPTION="block type DropCapitalZone"/><OtherTag ID="BT1645" LABEL="GraphicZone" DESCRIPTION="block type GraphicZone"/><OtherTag ID="BT1644" LABEL="MainZone" DESCRIPTION="block type MainZone"/>
    <OtherTag ID="LT551" LABEL="DefaultLine" DESCRIPTION="line type DefaultLine"/><OtherTag ID="LT550" LABEL="DropCapitalLine" DESCRIPTION="line type DropCapitalLine"/><OtherTag ID="LT549" LABEL="HeadingLine" DESCRIPTION="line type HeadingLine"/>
  </Tags>
  
  <Layout>
    <Page WIDTH="2208"
          HEIGHT="3448"
          PHYSICAL_IMG_NR="230"
          ID="eSc_dummypage_">
      <PrintSpace HPOS="0"
                  VPOS="0"
                  WIDTH="2208"
                  HEIGHT="3448">
        
        <TextBlock HPOS="253"
                   VPOS="379"
                   WIDTH="1595"
                   HEIGHT="2089"
                   ID="eSc_textblock_c4b04d64"
                   TAGREFS="BT1644">
          <Shape><Polygon POINTS="1825 413 1837 502 1756 551 1837 632 1802 801 1653 884 1653 974 1756 1045 1768 1203 1529 1261 1503 1353 1564 1413 1825 1425 1848 1629 1219 1663 1400 1746 1397 2100 1652 2136 1680 2230 1028 2468 420 2225 440 1917 678 1724 977 1678 276 1629 253 505 264 402 310 379"/></Shape>
          
          
          <TextLine ID="eSc_line_6d71a891"
                    TAGREFS="LT551"
                    BASELINE="278 459 1822 474" 
                    HPOS="276"
                    VPOS="347"
                    WIDTH="1546"
                    HEIGHT="155">
            <Shape><Polygon POINTS="278 459 278 347 1607 367 1817 356 1822 474 1819 488 1704 488 1690 499 1690 502 1687 502 1684 502 1681 502 1543 488 1523 502 1520 502 1518 502 1515 502 1512 502 1469 488 1463 485 1454 488 1426 499 1423 499 1420 499 1210 488 1101 482 1023 488 920 497 917 497 914 497 911 497 899 488 882 479 276 488"/></Shape>
	    <String CONTENT="Que de voir au tombleau emporter pere &amp; mere"
                    HPOS="276"
                    VPOS="347"
                    WIDTH="1546"
                    HEIGHT="155"></String>
          </TextLine>

          
          
          <TextLine ID="eSc_line_b37d27fa"
                    TAGREFS="LT551"
                    BASELINE="267 568 1690 574" 
                    HPOS="258"
                    VPOS="479"
                    WIDTH="1432"
                    HEIGHT="121">
            <Shape><Polygon POINTS="267 568 267 502 347 502 350 502 385 482 388 482 391 482 393 482 396 482 419 502 422 505 592 505 595 502 623 479 626 479 629 479 632 479 715 497 733 482 733 479 736 479 738 479 741 479 859 479 862 479 865 479 865 482 885 502 943 479 945 479 948 479 951 479 954 479 991 502 1012 485 1012 482 1014 482 1017 482 1020 482 1023 482 1101 502 1259 482 1262 482 1265 482 1267 482 1267 485 1288 505 1371 505 1437 505 1440 505 1483 482 1486 482 1489 482 1492 482 1495 482 1532 505 1535 508 1690 508 1690 574 1684 594 943 583 922 586 859 597 856 597 715 583 704 583 690 594 690 597 687 597 684 597 684 600 511 600 508 597 506 597 503 597 485 583 296 594 293 594 290 594 258 577"/></Shape>
	    <String CONTENT="Acompaignés de ſix domestiques, ô pere"
                    HPOS="258"
                    VPOS="479"
                    WIDTH="1432"
                    HEIGHT="121"></String>
          </TextLine>

          
          
          <TextLine ID="eSc_line_b5ee80c6"
                    TAGREFS="LT551"
                    BASELINE="267 666 1819 680" 
                    HPOS="264"
                    VPOS="583"
                    WIDTH="1555"
                    HEIGHT="123">
            <Shape><Polygon POINTS="267 666 267 583 376 600 425 586 434 583 437 583 439 583 462 586 546 600 563 589 569 583 572 583 575 583 577 583 580 583 598 589 644 606 796 606 810 591 813 589 816 589 819 589 822 589 865 594 951 606 968 597 980 589 983 589 986 589 989 589 1037 597 1086 606 1098 597 1109 589 1112 589 1115 589 1118 589 1198 589 1253 603 1288 609 1368 603 1512 594 1515 594 1518 594 1552 609 1564 614 1819 614 1819 680 1814 706 1566 692 1437 703 1431 703 1428 703 1426 703 1388 689 1242 703 1219 703 1216 703 1201 703 1109 686 819 698 807 698 805 698 802 698 767 683 713 698 710 698 707 698 704 698 687 698 511 680 264 692"/></Shape>
	    <String CONTENT="Des bienbeureux viuans &amp; de ceux que retire"
                    HPOS="264"
                    VPOS="583"
                    WIDTH="1555"
                    HEIGHT="123"></String>
          </TextLine>

          
          
          <TextLine ID="eSc_line_e1f3e21f"
                    TAGREFS="LT551"
                    BASELINE="267 770 1776 784" 
                    HPOS="255"
                    VPOS="683"
                    WIDTH="1521"
                    HEIGHT="124">
            <Shape><Polygon POINTS="267 770 258 703 281 683 284 683 287 683 290 683 362 683 365 683 408 706 543 706 583 706 638 686 641 686 644 686 646 686 649 686 675 709 747 709 822 686 825 686 828 686 830 686 882 703 951 689 954 689 957 689 1017 712 1032 712 1178 712 1219 692 1221 692 1224 692 1311 712 1313 712 1391 695 1394 695 1397 695 1469 715 1474 715 1497 695 1500 695 1503 695 1506 695 1509 695 1561 715 1564 715 1566 715 1679 695 1681 695 1773 718 1776 784 1771 807 391 784 296 801 293 801 290 801 287 801 255 778"/></Shape>
	    <String CONTENT="Ta main de ces bas lieux, à cestuy qui ſouspire,"
                    HPOS="255"
                    VPOS="683"
                    WIDTH="1521"
                    HEIGHT="124"></String>
          </TextLine>

          
          
          <TextLine ID="eSc_line_c3d5c231"
                    TAGREFS="LT551"
                    BASELINE="261 873 1589 887" 
                    HPOS="258"
                    VPOS="784"
                    WIDTH="1331"
                    HEIGHT="118">
            <Shape><Polygon POINTS="261 873 258 793 350 784 353 784 356 784 385 793 414 801 439 795 480 784 483 784 485 784 488 784 514 795 534 807 796 807 810 801 845 790 848 790 851 790 853 790 856 790 868 801 874 807 888 801 922 790 925 790 928 790 1003 804 1023 807 1043 804 1121 793 1124 793 1127 793 1129 793 1129 795 1141 807 1147 810 1167 807 1262 793 1265 793 1267 793 1270 793 1296 810 1299 810 1302 810 1348 795 1351 795 1354 795 1357 795 1359 795 1359 798 1374 810 1377 816 1589 816 1589 887 1587 902 258 902"/></Shape>
	    <String CONTENT="Vueillɇ enuoyer d&#39;enhaut la Conſolation,"
                    HPOS="258"
                    VPOS="784"
                    WIDTH="1331"
                    HEIGHT="118"></String>
          </TextLine>

          
          
          <TextLine ID="eSc_line_a2cc5d80"
                    TAGREFS="LT551"
                    BASELINE="270 974 1621 985" 
                    HPOS="261"
                    VPOS="884"
                    WIDTH="1360"
                    HEIGHT="133">
            <Shape><Polygon POINTS="270 974 270 884 339 887 342 887 345 887 345 890 368 910 738 910 776 896 790 890 793 890 796 890 799 890 825 896 874 910 954 902 1017 893 1020 893 1023 893 1026 893 1037 902 1055 913 1086 905 1127 893 1129 893 1132 893 1135 893 1167 905 1184 913 1210 907 1270 893 1273 893 1276 893 1279 893 1279 896 1293 910 1299 916 1325 910 1391 896 1394 896 1621 919 1621 985 1618 999 1331 1017 1328 1017 1325 1017 1282 997 1279 997 1259 997 1043 1014 1040 1014 905 994 899 994 833 994 713 994 649 1011 646 1011 644 1011 641 1011 638 1011 638 1008 621 994 439 994 342 1008 339 1008 336 1008 261 985"/></Shape>
	    <String CONTENT="Remunerant du tien la ſaincte affection"
                    HPOS="261"
                    VPOS="884"
                    WIDTH="1360"
                    HEIGHT="133"></String>
          </TextLine>

          
          
          <TextLine ID="eSc_line_90154be9"
                    TAGREFS="LT551"
                    BASELINE="276 1088 1253 1083 1733 1094" 
                    HPOS="273"
                    VPOS="999"
                    WIDTH="1463"
                    HEIGHT="115">
            <Shape><Polygon POINTS="276 1088 273 1005 626 1017 644 1008 661 999 664 999 667 999 669 999 672 999 684 1008 692 1014 724 1008 787 999 790 999 793 999 796 999 810 1011 825 1020 1092 1020 1106 1014 1147 999 1150 999 1152 999 1155 999 1158 999 1178 1014 1184 1020 1391 1020 1394 1017 1414 999 1417 999 1420 999 1423 999 1518 1017 1538 999 1541 999 1543 999 1546 999 1650 1014 1693 999 1696 999 1699 999 1702 999 1704 999 1736 1020 1733 1094 1727 1114 1661 1100 1633 1114 1630 1114 1627 1114 1624 1114 1486 1100 1414 1114 1411 1114 1408 1114 1403 1114 1276 1100 276 1111"/></Shape>
	    <String CONTENT="Qu&#39;a ce tien ſeruiteur en l’œuure qui te louë,"
                    HPOS="273"
                    VPOS="999"
                    WIDTH="1463"
                    HEIGHT="115"></String>
          </TextLine>

          
          
          <TextLine ID="eSc_line_c283240e"
                    TAGREFS="LT551"
                    BASELINE="270 1180 1753 1195" 
                    HPOS="261"
                    VPOS="1100"
                    WIDTH="1492"
                    HEIGHT="118">
            <Shape><Polygon POINTS="270 1180 261 1117 290 1100 293 1100 296 1100 299 1100 301 1100 362 1117 376 1120 586 1120 586 1117 600 1106 600 1103 603 1103 606 1103 609 1103 661 1103 664 1103 667 1103 667 1106 681 1117 687 1123 753 1117 868 1106 871 1106 954 1117 1029 1126 1750 1117 1753 1195 1748 1218 264 1203"/></Shape>
	    <String CONTENT="Qui manifestɇ außi ce que mon cœur te vouë."
                    HPOS="261"
                    VPOS="1100"
                    WIDTH="1492"
                    HEIGHT="118"></String>
          </TextLine>

          
          
          <TextLine ID="eSc_line_fd3cbba4"
                    TAGREFS="LT551"
                    BASELINE="267 1284 1477 1293" 
                    HPOS="261"
                    VPOS="1206"
                    WIDTH="1216"
                    HEIGHT="104">
            <Shape><Polygon POINTS="267 1284 267 1209 920 1224 1046 1209 1069 1206 1072 1206 1075 1206 1078 1206 1078 1209 1098 1226 1161 1209 1164 1209 1167 1209 1170 1209 1227 1226 1253 1209 1256 1209 1259 1209 1262 1209 1265 1209 1403 1224 1472 1209 1477 1293 1472 1310 261 1295"/></Shape>
	    <String CONTENT="Par ton amour tu as toute choſe creé,"
                    HPOS="261"
                    VPOS="1206"
                    WIDTH="1216"
                    HEIGHT="104"></String>
          </TextLine>

          
          
          <TextLine ID="eSc_line_c89df73a"
                    TAGREFS="LT551"
                    BASELINE="270 1387 1469 1396" 
                    HPOS="264"
                    VPOS="1301"
                    WIDTH="1205"
                    HEIGHT="112">
            <Shape><Polygon POINTS="270 1387 270 1301 359 1304 362 1304 365 1304 388 1324 675 1324 750 1307 753 1307 756 1307 759 1307 807 1324 894 1307 897 1307 899 1307 902 1307 905 1307 905 1310 922 1324 1026 1313 1029 1313 1121 1327 1173 1310 1175 1310 1178 1310 1299 1327 1319 1313 1322 1313 1325 1313 1328 1313 1331 1313 1371 1327 1463 1313 1469 1396 1463 1413 264 1402"/></Shape>
	    <String CONTENT="Tu nous as racheté, nourri &amp; recreé."
                    HPOS="264"
                    VPOS="1301"
                    WIDTH="1205"
                    HEIGHT="112"></String>
          </TextLine>

          
          
          <TextLine ID="eSc_line_198e0a16"
                    TAGREFS="LT551"
                    BASELINE="267 1491 1845 1502" 
                    HPOS="258"
                    VPOS="1405"
                    WIDTH="1587"
                    HEIGHT="117">
            <Shape><Polygon POINTS="267 1491 267 1413 810 1425 836 1419 894 1405 897 1405 899 1405 902 1405 943 1419 951 1425 954 1422 968 1407 968 1405 971 1405 974 1405 977 1405 1055 1405 1058 1405 1101 1422 1115 1430 1322 1430 1328 1425 1351 1407 1354 1407 1357 1407 1359 1407 1451 1407 1518 1422 1552 1410 1555 1410 1558 1410 1561 1410 1564 1410 1587 1428 1589 1430 1589 1428 1615 1410 1618 1410 1621 1410 1624 1410 1719 1410 1722 1410 1762 1430 1765 1433 1845 1433 1845 1502 1842 1517 304 1522 301 1522 299 1522 258 1502"/></Shape>
	    <String CONTENT="Ton amour nous ſoustiẽt, nous aßistɇ et deliure."
                    HPOS="258"
                    VPOS="1405"
                    WIDTH="1587"
                    HEIGHT="117"></String>
          </TextLine>

          
          
          <TextLine ID="eSc_line_be50f85a"
                    TAGREFS="LT551"
                    BASELINE="264 1600 1845 1609" 
                    HPOS="261"
                    VPOS="1514"
                    WIDTH="1584"
                    HEIGHT="132">
            <Shape><Polygon POINTS="264 1600 261 1525 457 1514 460 1514 462 1514 494 1525 511 1534 713 1534 727 1528 773 1514 776 1514 779 1514 782 1514 784 1514 784 1517 799 1528 805 1537 1012 1537 1037 1531 1132 1517 1135 1517 1242 1534 1256 1534 1259 1534 1285 1517 1288 1517 1290 1517 1293 1517 1296 1517 1299 1517 1299 1519 1316 1534 1322 1537 1345 1534 1449 1519 1451 1519 1592 1537 1610 1537 1621 1537 1719 1519 1722 1519 1725 1519 1727 1519 1750 1537 1753 1540 1842 1540 1845 1609 1840 1634 1710 1629 1696 1637 1681 1646 1679 1646 1676 1646 1673 1646 1670 1646 1641 1637 1618 1629 1561 1637 1483 1646 1480 1646 1477 1646 1443 1637 1414 1629 1377 1637 1328 1646 1325 1646 1322 1646 1319 1646 1308 1637 1288 1626 1060 1626 1049 1637 1046 1637 1046 1640 1043 1640 1040 1640 1040 1643 451 1643 448 1640 416 1637 296 1623 264 1637"/></Shape>
	    <String CONTENT="Par luy reçoy, Seigneur, &amp; mõ amɇ &amp; mon liure."
                    HPOS="261"
                    VPOS="1514"
                    WIDTH="1584"
                    HEIGHT="132"></String>
          </TextLine>

          
          
          <TextLine ID="eSc_line_9de6b177"
                    TAGREFS="LT549"
                    BASELINE="661 1790 1382 1795" 
                    HPOS="655"
                    VPOS="1715"
                    WIDTH="727"
                    HEIGHT="121">
            <Shape><Polygon POINTS="661 1790 664 1715 695 1729 908 1721 1017 1718 1020 1718 1023 1718 1046 1724 1072 1735 1380 1735 1382 1795 1377 1836 1276 1821 1216 1833 1190 1836 1187 1836 750 1833 655 1813"/></Shape>
	    <String CONTENT="LOUANGE À DIEV."
                    HPOS="655"
                    VPOS="1715"
                    WIDTH="727"
                    HEIGHT="121"></String>
          </TextLine>

          
          
          <TextLine ID="eSc_line_d8d6d3b0"
                    TAGREFS="LT551"
                    BASELINE="434 1965 1348 1976" 
                    HPOS="428"
                    VPOS="1893"
                    WIDTH="920"
                    HEIGHT="95">
            <Shape><Polygon POINTS="434 1965 434 1893 1348 1916 1348 1976 1342 1988 428 1976"/></Shape>
	    <String CONTENT="Amour ſeul fait tout ſans peine,"
                    HPOS="428"
                    VPOS="1893"
                    WIDTH="920"
                    HEIGHT="95"></String>
          </TextLine>

          
          
          <TextLine ID="eSc_line_a0cd66a4"
                    TAGREFS="LT551"
                    BASELINE="431 2040 1262 2045" 
                    HPOS="425"
                    VPOS="1971"
                    WIDTH="837"
                    HEIGHT="89">
            <Shape><Polygon POINTS="431 2040 428 1982 1043 1971 1046 1971 1118 1985 1147 1971 1150 1971 1152 1971 1259 1988 1262 2045 1256 2060 425 2054"/></Shape>
	    <String CONTENT="Commence, conduit, parfait."
                    HPOS="425"
                    VPOS="1971"
                    WIDTH="837"
                    HEIGHT="89"></String>
          </TextLine>

          
          
          <TextLine ID="eSc_line_84dde64b"
                    TAGREFS="LT551"
                    BASELINE="434 2120 1322 2120" 
                    HPOS="431"
                    VPOS="2045"
                    WIDTH="894"
                    HEIGHT="98">
            <Shape><Polygon POINTS="434 2120 434 2045 560 2060 589 2048 595 2045 598 2045 600 2045 615 2048 669 2060 724 2051 753 2045 756 2045 787 2051 828 2060 983 2054 1285 2045 1288 2045 1290 2045 1325 2063 1322 2120 1319 2143 431 2134"/></Shape>
	    <String CONTENT="Puis donc (liuret ) qu’il t’a faict"
                    HPOS="431"
                    VPOS="2045"
                    WIDTH="894"
                    HEIGHT="98"></String>
          </TextLine>

          
          
          <TextLine ID="eSc_line_bd19e067"
                    TAGREFS="LT551"
                    BASELINE="439 2189 1647 2195" 
                    HPOS="434"
                    VPOS="2132"
                    WIDTH="1213"
                    HEIGHT="132">
            <Shape><Polygon POINTS="439 2189 439 2132 1647 2137 1647 2195 1644 2249 1506 2264 1503 2264 1500 2264 1449 2246 1431 2244 1270 2244 1239 2244 1224 2258 1224 2261 1221 2261 1219 2261 1078 2264 1075 2264 966 2241 842 2261 839 2261 836 2261 793 2241 718 2261 715 2261 713 2261 710 2261 644 2238 434 2229"/></Shape>
	    <String CONTENT="GAGE D&#39;OR TOT NE TE MEINE."
                    HPOS="434"
                    VPOS="2132"
                    WIDTH="1213"
                    HEIGHT="132"></String>
          </TextLine>

          
        </TextBlock>
        
        <TextBlock HPOS="949"
                   VPOS="2310"
                   WIDTH="150"
                   HEIGHT="118"
                   ID="eSc_textblock_a20ed903"
                   TAGREFS="BT1645">
          <Shape><Polygon POINTS="949 2310 949 2428 1099 2428 1099 2310"/></Shape>
          
        </TextBlock>
        

        
      </PrintSpace>
    </Page>
  </Layout>
</alto>
