2256 3454
803 407 649 105 ÆNIGME.

360 592 1486 136 Uous émerueilleZ vous comme ie ſuis ſi graſſe,

354 699 1579 135 Moy qui en meſme inſtãt en tãt de lieux tracaſſe,

357 805 1368 130 Que la terre ſe deult de me tant ſoustenir,

348 912 1542 124 Sentant prochain le mal qui par moy doit venir

354 1016 1383 123 Sur ce monde ſotard, qui me ſuit & adore,

365 1119 1588 133 Qui m'engraiſſɇ & me ſuſſɇ, enrichit et honnore?

348 1226 1455 129 Au repas que ie pren, quoy qu’il ſemble petit,

360 1318 1250 132 Je les deuore tous, & n'en pers l’apetit.

357 1424 1449 133 Touſiours ſuis affame, & ouuerte ma poche,

357 1531 1564 135 Pour engloutir tout viſt ꝗ pres de moy approche.

354 1634 1504 130 Ie les gobɇ en riant plus ſubtil que la mouche

351 1738 1527 130 Priſe du paſſereau, ſans auoir craint la touche.

354 1847 1593 127 Mais cependãt ſacheZ qu’à grãs tropeaux i’alai¬

354 1945 1593 136 D'Epicure les porcs, de ma mamelle infaicte, (cte

351 2052 1129 121 Inutile ne ſuis, ſi tout on conſidere.

363 2147 1368 138 J'enrichy de l’autruy qui me ſert & adere.

357 2259 1397 132 Le riche i'appouri, le ventre plat i'engraiſſe.

360 2363 1285 129 L’auare liberal ie ren par ma promeſſe.

354 2458 1325 132 Ie destrui l’orphelin, la vefue ie moleste,

363 2567 1457 132 Je gueri de tous maux: mais ie donne la peste.

363 2665 1524 210 Mon aleine a ce bien, que qui s'approche d'elle,

1576 2820 63 95 3

1757 2812 205 92 Soud

1489 2809 71 95 F
