2208 3448
851 270 431 94 ÆNIGME.

230 359 1538 135 Soudain ellɇ empoiſonnɇ, & le cœur & ceruelle.

235 485 1524 115 Ie ſuis la medicinɇ, ou emplastrɇ à tous maux:

235 586 1607 129 A quoy me vouleZ vous? ie fay tout droit ou faux.

238 683 1567 118 Humidɇ, & ſeiche ſuis, grande. petitɇ, & ronde,

232 793 1521 120 Loyallɇ à vn mary, communɇ à tout le monde.

232 896 1398 124 Commɇ vn oignon vestuɇ en yuer & esté,

238 994 1452 126 Ainſi diuerſes peaux couurent ma chasteté.

241 1080 1463 146 De pluſieurs ſuis haïɇ & de pluſieurs aymee.

241 1203 1216 121 Dechiree des vns, des autres estimee.

241 1310 1492 120 Aucuns pour me fuir ont quité leurs maiſons,

238 1413 1464 118 Plus aymant les tormens de diuerſes façons,

241 1511 1512 123 Voirɇ vne mort cruelle voulu plustoſt ſouffrir,

273 1611 1564 133 Qu'un ſeul hõneur me rẽdrɇ ou biẽ petit m'offrir.

250 1726 1604 107 Autres me donnẽt plus que pour eux ne faudroit,

244 1821 1535 109 Ma querellɇ embraſſant, ſoit à tort, ou à droit.

238 1922 1616 129 Mais nul pour mon amour ainſi q̃ pour ma haine

247 2031 1383 109 Ne voulut endurer la mort de telle peine.

241 2137 1599 124 Le bien qu'ils ont de moy m'ayant biẽ ſoustenue,

241 2241 1501 112 C’eſt que de ma beauté peuuent auoir la vieuë.

244 2347 1366 106 A l’heure du repas & petit proumenoir,

264 2448 1596 123 Qu’au matin m'eſt promis et non iamais au ſoir.

250 2548 1434 127 Ma beauté n'eſt egalɇ à Heleine de Troye,

261 2652 1599 189 Combiẽ q̃ plus pour moy de beaucoup on guerroye.

1644 2746 216 121 Mais
