2256 3441
932 226 442 149 ÆNIGME.

370 361 1383 143 Mais ma pompɇ & folie, abus & fauceté

376 478 1300 141 La ſurpaſſe bien tant que iour obſcurité.

364 587 1610 127 Je vay, ie viẽ, ie cour, ie fay craintɇ aux humains,

370 688 1619 132 Et n'ay glaiuɇ ou couteau, teſte, bras, pieZ ne mains.

378 797 1519 123 Je n’ay faueur au cieux, rien ne ſuis en la terre,

364 894 1559 129 Fors ce que veut l’ignarɇ & l’abus qui l’enſerre.

376 1000 1383 132 De vieileſſe ie ſuis plus griſe que ſandree,

370 1115 1573 115 Plus vieille de millɇ ans que qui m’a engendree.

378 1212 1450 115 Selon qu’on croit & trient, i’ay peres à foiſon,

378 1310 1484 132 Deuine qui voudra. Uoicy mieux ma façon,

384 1413 1605 118 A la vuide veßie on me peut comparer, (ſerrer:

384 1516 1593 129 Que l’hommɇ enflɇ et accroit tant qu'ellɇ en peut

381 1625 1610 109 Mais dõnant lieu au vent la rend ſi vuidɇ et nue

378 1731 1573 127 Cõme me voit qui ſait dont premier ſuis venue,

393 1835 1435 117 Qui a enflé mon corps, corps ſans ame ie dis,

390 1938 1398 117 Qui m'entretient encor & me ſoufla iadis.

398 2038 1450 115 Qui à l'œil droit ouuert l’aureille deſbauchee

387 2144 1449 106 Au lict mortel me vroit, & ceste deſbauchee

398 2248 1533 132 Qui m'engendra au temps ennemy de lumiere,

396 2357 1443 106 De ſon amy Pluton aupres d’une chaudiere.

390 2451 1435 126 Cache ſous le manteau de la chaste pucelle,

398 2552 1349 129 Vnique fillɇ & ſœur de Christine la belle.

387 2669 1570 146 Sous ce meſme manteau long temps ie fu cachee:

1785 2767 224 134 Mais
