<?xml version="1.0" encoding="UTF-8"?>
<alto xmlns:xsi="http://www.w3.org/2001/XMLSchema-instance"
      xmlns="http://www.loc.gov/standards/alto/ns-v4#"
      xsi:schemaLocation="http://www.loc.gov/standards/alto/ns-v4# http://www.loc.gov/standards/alto/v4/alto-4-2.xsd">
  <Description>
    <MeasurementUnit>pixel</MeasurementUnit>
    <sourceImageInformation>
      <fileName>236.jpg</fileName>
      
    </sourceImageInformation>
  </Description>
  
  <Tags>
    <OtherTag ID="BT2322" LABEL="TitlePageZone" DESCRIPTION="block type TitlePageZone"/><OtherTag ID="BT1652" LABEL="RunningTitleZone" DESCRIPTION="block type RunningTitleZone"/><OtherTag ID="BT1651" LABEL="QuireMarksZone" DESCRIPTION="block type QuireMarksZone"/><OtherTag ID="BT1650" LABEL="NumberingZone" DESCRIPTION="block type NumberingZone"/><OtherTag ID="BT1648" LABEL="TitlePageZone" DESCRIPTION="block type TitlePageZone"/><OtherTag ID="BT1647" LABEL="StampZone" DESCRIPTION="block type StampZone"/><OtherTag ID="BT1646" LABEL="DropCapitalZone" DESCRIPTION="block type DropCapitalZone"/><OtherTag ID="BT1645" LABEL="GraphicZone" DESCRIPTION="block type GraphicZone"/><OtherTag ID="BT1644" LABEL="MainZone" DESCRIPTION="block type MainZone"/>
    <OtherTag ID="LT551" LABEL="DefaultLine" DESCRIPTION="line type DefaultLine"/><OtherTag ID="LT550" LABEL="DropCapitalLine" DESCRIPTION="line type DropCapitalLine"/><OtherTag ID="LT549" LABEL="HeadingLine" DESCRIPTION="line type HeadingLine"/>
  </Tags>
  
  <Layout>
    <Page WIDTH="2245"
          HEIGHT="3448"
          PHYSICAL_IMG_NR="234"
          ID="eSc_dummypage_">
      <PrintSpace HPOS="0"
                  VPOS="0"
                  WIDTH="2245"
                  HEIGHT="3448">
        
        <TextBlock HPOS="273"
                   VPOS="246"
                   WIDTH="1604"
                   HEIGHT="2414"
                   ID="eSc_textblock_1265a082"
                   TAGREFS="BT1644">
          <Shape><Polygon POINTS="1865 390 1877 468 1808 586 1877 839 1842 930 1877 1206 1865 2134 1810 2134 1808 2660 858 2651 696 2147 273 2123 275 678 287 390 321 356 763 365 810 246 1260 252 1289 376"/></Shape>
          
          
          <TextLine ID="eSc_line_509a4fd3"
                    TAGREFS="LT549"
                    BASELINE="807 316 1238 307" 
                    HPOS="799"
                    VPOS="209"
                    WIDTH="439"
                    HEIGHT="144">
            <Shape><Polygon POINTS="807 316 799 229 1109 209 1112 209 1115 209 1118 209 1132 224 1135 224 1230 224 1238 307 1236 353 804 347"/></Shape>
	    <String CONTENT="ÆNIGME."
                    HPOS="799"
                    VPOS="209"
                    WIDTH="439"
                    HEIGHT="144"></String>
          </TextLine>

          
          
          <TextLine ID="eSc_line_290ba14a"
                    TAGREFS="LT551"
                    BASELINE="296 445 1862 453" 
                    HPOS="293"
                    VPOS="339"
                    WIDTH="1569"
                    HEIGHT="152">
            <Shape><Polygon POINTS="296 445 298 339 379 364 399 347 399 344 402 344 405 344 408 344 411 344 459 362 497 341 500 341 503 341 505 341 701 341 730 347 819 367 868 350 876 347 879 347 882 347 885 347 888 347 891 350 916 370 1264 370 1282 359 1310 344 1313 344 1316 344 1319 344 1362 362 1388 370 1414 362 1463 347 1466 347 1468 347 1471 347 1529 364 1540 367 1546 364 1583 347 1586 347 1589 347 1675 347 1862 373 1862 453 1859 482 1529 491 1526 491 1523 491 1520 491 1520 488 1511 479 1503 474 1382 474 1371 479 1345 491 1342 491 1339 491 1336 491 1305 476 1284 471 1267 476 1236 488 1233 488 1230 488 1227 488 1181 476 1158 471 1138 476 1098 488 1095 488 1092 488 1089 488 1037 474 1017 471 985 474 879 488 876 488 873 488 870 488 870 485 856 474 853 468 787 468 781 471 770 482 770 485 767 485 764 485 764 488 520 488 517 485 514 485 511 485 511 482 497 468 494 468 293 468"/></Shape>
	    <String CONTENT="Mais depuis quelques ans aucũs m&#39;õt deſcachee."
                    HPOS="293"
                    VPOS="339"
                    WIDTH="1569"
                    HEIGHT="152"></String>
          </TextLine>

          
          
          <TextLine ID="eSc_line_c72c79fd"
                    TAGREFS="LT551"
                    BASELINE="296 548 1767 560" 
                    HPOS="287"
                    VPOS="462"
                    WIDTH="1480"
                    HEIGHT="129">
            <Shape><Polygon POINTS="296 548 293 474 376 462 379 462 508 476 580 482 592 476 609 468 612 468 615 468 618 468 643 476 666 485 730 479 847 465 850 465 853 465 856 465 873 479 876 485 1293 488 1299 485 1319 474 1322 474 1325 474 1328 474 1445 488 1471 491 1477 488 1494 474 1494 471 1497 471 1500 471 1503 471 1681 471 1684 471 1687 471 1713 491 1713 494 1764 494 1767 560 1764 571 1425 591 1422 591 1267 589 1264 589 1261 589 1236 571 1161 571 1135 589 1132 589 1129 589 1126 589 931 583 928 583 902 568 882 586 879 586 876 586 873 586 804 571 790 583 790 586 787 586 784 586 784 589 666 589 664 586 661 586 658 586 629 566 379 583 376 583 373 583 287 560"/></Shape>
	    <String CONTENT="Si qu&#39;on me priſe moins qu&#39;une petitɇ estule"
                    HPOS="287"
                    VPOS="462"
                    WIDTH="1480"
                    HEIGHT="129"></String>
          </TextLine>

          
          
          <TextLine ID="eSc_line_11155e1d"
                    TAGREFS="LT551"
                    BASELINE="293 646 1767 663" 
                    HPOS="287"
                    VPOS="563"
                    WIDTH="1480"
                    HEIGHT="117">
            <Shape><Polygon POINTS="293 646 290 577 359 563 362 563 365 563 390 577 405 586 635 586 666 583 773 566 776 566 778 566 813 586 822 589 925 586 1233 577 1236 577 1238 577 1302 591 1313 594 1348 594 1511 583 1514 583 1517 583 1543 597 1546 597 1589 577 1592 577 1595 577 1724 577 1727 577 1767 600 1767 663 1762 680 287 660"/></Shape>
	    <String CONTENT="Diminueɇ du vent, voire moins qu’une bulle."
                    HPOS="287"
                    VPOS="563"
                    WIDTH="1480"
                    HEIGHT="117"></String>
          </TextLine>

          
          
          <TextLine ID="eSc_line_17a556f1"
                    TAGREFS="LT551"
                    BASELINE="290 749 1828 770" 
                    HPOS="281"
                    VPOS="663"
                    WIDTH="1547"
                    HEIGHT="127">
            <Shape><Polygon POINTS="290 749 284 683 359 663 362 663 365 663 367 663 370 663 370 666 388 683 390 686 508 686 534 683 652 666 655 666 658 666 661 666 661 669 678 683 681 689 735 692 845 692 850 686 865 672 865 669 868 669 870 669 873 669 948 686 974 692 994 686 1037 672 1040 672 1043 672 1169 675 1172 675 1201 686 1218 695 1250 686 1305 675 1307 675 1408 689 1457 695 1477 689 1509 678 1511 678 1514 678 1572 689 1598 695 1606 689 1621 680 1624 680 1626 680 1629 680 1716 680 1718 680 1721 680 1733 689 1750 701 1822 692 1828 770 1825 784 1169 790 1167 790 983 772 954 787 951 787 948 787 810 770 764 784 761 784 758 784 755 784 753 784 724 767 721 767 623 781 620 781 618 781 583 767 324 775 321 775 319 775 281 758"/></Shape>
	    <String CONTENT="Ce nonobstant, ie tien en craintɇ encor les Rois,"
                    HPOS="281"
                    VPOS="663"
                    WIDTH="1547"
                    HEIGHT="127"></String>
          </TextLine>

          
          
          <TextLine ID="eSc_line_943f8ea1"
                    TAGREFS="LT551"
                    BASELINE="293 853 1859 870" 
                    HPOS="287"
                    VPOS="767"
                    WIDTH="1575"
                    HEIGHT="140">
            <Shape><Polygon POINTS="293 853 290 781 353 767 356 767 474 781 491 784 497 784 531 767 534 767 537 767 540 767 592 784 603 790 735 790 744 787 810 770 813 770 816 770 914 790 925 793 1190 793 1195 793 1253 775 1256 775 1259 775 1261 775 1264 775 1264 778 1282 793 1282 795 1382 795 1385 795 1422 778 1425 778 1428 778 1431 778 1434 778 1460 795 1463 798 1506 798 1560 798 1589 778 1592 778 1595 778 1598 778 1707 798 1825 781 1828 781 1831 781 1833 781 1862 801 1859 870 1854 907 1598 887 1526 902 1503 905 1500 905 1399 899 1213 884 1201 893 1192 902 1190 902 1187 902 1184 902 1092 890 1034 884 919 887 554 896 551 896 287 870"/></Shape>
	    <String CONTENT="Leur ſeptrɇ aſſubieti, retrein leurs loix et droicts."
                    HPOS="287"
                    VPOS="767"
                    WIDTH="1575"
                    HEIGHT="140"></String>
          </TextLine>

          
          
          <TextLine ID="eSc_line_d5decce9"
                    TAGREFS="LT551"
                    BASELINE="293 959 1770 968" 
                    HPOS="287"
                    VPOS="870"
                    WIDTH="1483"
                    HEIGHT="135">
            <Shape><Polygon POINTS="293 959 293 870 362 873 365 873 367 873 393 893 416 873 419 873 422 873 425 873 428 873 482 896 712 896 758 879 778 873 781 873 784 873 787 873 810 879 862 896 905 882 916 879 919 879 922 879 951 882 1020 896 1037 884 1046 876 1049 876 1052 876 1054 876 1227 876 1230 876 1233 876 1253 890 1264 896 1293 890 1348 879 1351 879 1353 879 1356 879 1356 882 1368 893 1374 899 1500 899 1514 896 1563 879 1566 879 1569 879 1572 879 1575 879 1575 882 1592 896 1595 902 1767 902 1770 968 1764 1002 1586 988 1537 999 1526 1002 1523 1002 1520 1002 1517 1002 1509 999 1486 988 1471 999 1468 1002 1466 1002 1463 1002 1282 1005 1279 1005 1276 1005 1273 1005 1273 1002 1261 994 1250 985 1207 994 1172 999 1169 999 1138 994 1103 985 1089 991 1066 1002 1063 1002 1063 1005 819 1005 816 1002 698 999 695 999 692 999 692 997 678 985 675 982 655 985 546 999 543 999 540 999 537 999 537 997 520 982 520 979 287 976"/></Shape>
	    <String CONTENT="De leurs peuples ie pouſſɇ &amp; enſle tant le cœur"
                    HPOS="287"
                    VPOS="870"
                    WIDTH="1483"
                    HEIGHT="135"></String>
          </TextLine>

          
          
          <TextLine ID="eSc_line_3908bb92"
                    TAGREFS="LT551"
                    BASELINE="301 1063 1854 1074" 
                    HPOS="296"
                    VPOS="985"
                    WIDTH="1558"
                    HEIGHT="124">
            <Shape><Polygon POINTS="301 1063 301 985 393 988 396 988 431 1008 454 988 457 988 459 988 462 988 531 991 753 1005 776 999 799 994 801 994 804 994 807 994 822 1002 876 1028 931 1008 934 1008 937 1008 988 1008 1046 1008 1049 1008 1054 1008 1135 1031 1270 1017 1302 1014 1305 1014 1307 1014 1310 1014 1310 1017 1313 1017 1328 1031 1394 1020 1405 1020 1408 1020 1431 1022 1532 1034 1546 1025 1552 1020 1555 1020 1557 1020 1560 1020 1563 1020 1580 1025 1598 1037 1851 1037 1854 1074 1848 1106 1305 1091 1181 1106 1138 1109 1135 1109 1132 1109 1121 1106 1075 1088 1026 1103 1020 1106 1017 1106 1014 1106 1011 1106 1003 1103 939 1088 876 1103 865 1106 862 1106 859 1106 296 1100"/></Shape>
	    <String CONTENT="Qui&#39;il preſume par moy estre ſur eux vainqueur."
                    HPOS="296"
                    VPOS="985"
                    WIDTH="1558"
                    HEIGHT="124"></String>
          </TextLine>

          
          
          <TextLine ID="eSc_line_7dc7fcca"
                    TAGREFS="LT551"
                    BASELINE="293 1166 1839 1180" 
                    HPOS="287"
                    VPOS="1080"
                    WIDTH="1552"
                    HEIGHT="129">
            <Shape><Polygon POINTS="293 1166 290 1094 362 1080 365 1080 451 1094 468 1097 477 1094 526 1080 528 1080 531 1080 534 1080 589 1097 603 1103 741 1103 750 1097 778 1083 781 1083 784 1083 787 1083 824 1100 830 1100 836 1100 902 1083 905 1083 908 1083 911 1083 971 1100 983 1103 1003 1100 1109 1086 1112 1086 1115 1086 1118 1086 1141 1103 1144 1106 1532 1109 1537 1106 1572 1091 1575 1091 1578 1091 1580 1091 1583 1091 1609 1109 1612 1109 1621 1109 1710 1091 1713 1091 1716 1091 1718 1091 1744 1109 1747 1111 1839 1111 1839 1180 1836 1203 1305 1209 1302 1209 1299 1209 1267 1201 1218 1189 1190 1201 1184 1203 1181 1203 1178 1203 1146 1201 1031 1189 1006 1201 991 1206 988 1206 985 1206 954 1201 891 1186 833 1201 816 1203 813 1203 810 1203 747 1198 563 1183 508 1183 494 1198 491 1198 491 1201 488 1201 485 1201 482 1201 287 1195"/></Shape>
	    <String CONTENT="Que ſi on me chaſſoit, librement pourrois faire"
                    HPOS="287"
                    VPOS="1080"
                    WIDTH="1552"
                    HEIGHT="129"></String>
          </TextLine>

          
          
          <TextLine ID="eSc_line_a04b0afe"
                    TAGREFS="LT551"
                    BASELINE="284 1264 1859 1284" 
                    HPOS="275"
                    VPOS="1183"
                    WIDTH="1584"
                    HEIGHT="132">
            <Shape><Polygon POINTS="284 1264 281 1198 655 1183 658 1183 661 1183 721 1198 733 1201 764 1198 911 1186 914 1186 916 1186 948 1201 957 1206 1856 1206 1859 1284 1854 1315 1483 1301 1448 1307 1411 1313 1408 1313 1305 1304 1175 1290 1158 1298 1152 1304 1149 1304 1146 1304 1144 1304 1141 1304 1138 1304 1132 1298 1118 1290 968 1290 945 1293 896 1304 893 1304 804 1290 781 1287 776 1290 744 1304 741 1304 738 1304 735 1304 666 1287 652 1284 632 1287 511 1301 508 1301 505 1301 462 1284 347 1295 344 1295 342 1295 275 1275"/></Shape>
	    <String CONTENT="Serment à autre Roy qui me voudroit complaire."
                    HPOS="275"
                    VPOS="1183"
                    WIDTH="1584"
                    HEIGHT="132"></String>
          </TextLine>

          
          
          <TextLine ID="eSc_line_a6b4c9bf"
                    TAGREFS="LT551"
                    BASELINE="287 1373 1856 1387" 
                    HPOS="281"
                    VPOS="1287"
                    WIDTH="1575"
                    HEIGHT="126">
            <Shape><Polygon POINTS="287 1373 284 1307 485 1287 488 1287 592 1310 600 1310 609 1310 681 1290 684 1290 687 1290 689 1290 738 1310 741 1310 747 1310 896 1290 899 1290 902 1290 905 1290 928 1307 971 1293 974 1293 977 1293 980 1293 983 1293 983 1295 1003 1313 1077 1298 1080 1298 1083 1298 1126 1313 1483 1304 1486 1304 1652 1318 1655 1318 1707 1298 1710 1298 1713 1298 1716 1298 1767 1318 1808 1298 1810 1298 1813 1298 1816 1298 1856 1321 1856 1387 1851 1413 281 1402"/></Shape>
	    <String CONTENT="Ainſi par faux ſemblant mainte gent me cherit,"
                    HPOS="281"
                    VPOS="1287"
                    WIDTH="1575"
                    HEIGHT="126"></String>
          </TextLine>

          
          
          <TextLine ID="eSc_line_1ca48388"
                    TAGREFS="LT551"
                    BASELINE="293 1476 1859 1488" 
                    HPOS="290"
                    VPOS="1387"
                    WIDTH="1569"
                    HEIGHT="124">
            <Shape><Polygon POINTS="293 1476 293 1387 365 1390 367 1390 370 1390 370 1393 390 1410 436 1390 439 1390 442 1390 445 1390 517 1410 733 1399 735 1399 738 1399 778 1413 945 1402 1054 1393 1057 1393 1060 1393 1063 1393 1080 1405 1103 1419 1305 1419 1322 1410 1339 1402 1342 1402 1345 1402 1454 1413 1497 1416 1503 1413 1517 1399 1520 1399 1523 1399 1526 1399 1753 1399 1756 1399 1787 1413 1802 1399 1805 1399 1808 1399 1810 1399 1813 1399 1859 1422 1859 1488 1856 1511 290 1511"/></Shape>
	    <String CONTENT="Qui contre mon vouloir m&#39;entretient &amp; nourrit."
                    HPOS="290"
                    VPOS="1387"
                    WIDTH="1569"
                    HEIGHT="124"></String>
          </TextLine>

          
          
          <TextLine ID="eSc_line_73857d6a"
                    TAGREFS="LT551"
                    BASELINE="281 1577 1856 1586" 
                    HPOS="273"
                    VPOS="1497"
                    WIDTH="1583"
                    HEIGHT="129">
            <Shape><Polygon POINTS="281 1577 281 1502 523 1514 554 1502 569 1497 572 1497 574 1497 577 1497 597 1502 646 1514 675 1502 687 1497 689 1497 692 1497 695 1497 698 1497 704 1502 718 1517 983 1517 1052 1502 1069 1499 1072 1499 1075 1499 1077 1499 1080 1502 1095 1517 1218 1517 1267 1502 1279 1499 1282 1499 1284 1499 1287 1499 1296 1502 1333 1522 1397 1522 1414 1505 1414 1502 1417 1502 1420 1502 1422 1502 1425 1502 1428 1502 1474 1519 1529 1502 1534 1502 1537 1502 1540 1502 1560 1502 1721 1519 1854 1505 1856 1586 1854 1603 1759 1626 1756 1626 1612 1611 1572 1623 1569 1623 1566 1623 1563 1623 1517 1606 1330 1617 1328 1617 1325 1617 1322 1617 1305 1603 1031 1623 1029 1623 1026 1623 985 1603 968 1620 968 1623 965 1623 962 1623 962 1626 836 1626 833 1623 712 1609 672 1620 669 1620 666 1620 664 1620 661 1620 643 1606 606 1617 603 1617 600 1617 597 1617 595 1617 574 1600 347 1620 344 1620 342 1620 273 1594"/></Shape>
	    <String CONTENT="Et pour leur payement le cœur leur dardɇ et point"
                    HPOS="273"
                    VPOS="1497"
                    WIDTH="1583"
                    HEIGHT="129"></String>
          </TextLine>

          
          
          <TextLine ID="eSc_line_88445b4f"
                    TAGREFS="LT551"
                    BASELINE="281 1683 1839 1695" 
                    HPOS="275"
                    VPOS="1600"
                    WIDTH="1564"
                    HEIGHT="132">
            <Shape><Polygon POINTS="281 1683 278 1606 388 1603 390 1603 393 1603 396 1603 396 1606 399 1606 413 1623 488 1623 503 1606 508 1603 508 1600 511 1600 514 1600 517 1600 520 1600 549 1609 600 1620 638 1609 664 1600 666 1600 669 1600 672 1600 675 1600 687 1609 707 1626 905 1626 928 1611 945 1603 948 1603 951 1603 997 1611 1063 1629 1250 1629 1270 1614 1290 1606 1293 1606 1296 1606 1348 1617 1379 1623 1391 1617 1405 1606 1408 1606 1411 1606 1414 1606 1417 1606 1445 1617 1460 1623 1468 1617 1483 1609 1486 1609 1489 1609 1491 1609 1549 1617 1606 1629 1624 1620 1644 1609 1647 1609 1649 1609 1652 1609 1678 1620 1701 1629 1833 1623 1839 1695 1833 1732 1730 1718 1687 1729 1678 1732 1675 1732 1672 1732 1592 1729 1420 1718 1388 1724 1359 1729 1356 1729 1353 1729 1351 1729 1342 1724 1330 1715 1287 1721 1233 1729 1230 1729 1227 1729 1207 1721 1187 1709 1161 1718 1138 1726 1135 1726 1135 1729 672 1729 669 1726 666 1726 629 1706 618 1701 275 1698"/></Shape>
	    <String CONTENT="D&#39;un dard qui les rongeant ne les ſoulage point."
                    HPOS="275"
                    VPOS="1600"
                    WIDTH="1564"
                    HEIGHT="132"></String>
          </TextLine>

          
          
          <TextLine ID="eSc_line_ce2d4122"
                    TAGREFS="LT551"
                    BASELINE="281 1787 1856 1801" 
                    HPOS="273"
                    VPOS="1701"
                    WIDTH="1586"
                    HEIGHT="140">
            <Shape><Polygon POINTS="281 1787 278 1706 347 1701 350 1701 353 1701 370 1706 408 1721 451 1709 477 1701 480 1701 482 1701 485 1701 514 1709 549 1721 569 1709 589 1701 592 1701 595 1701 597 1701 632 1712 669 1726 767 1726 778 1715 787 1706 787 1703 790 1703 793 1703 796 1703 899 1718 957 1724 965 1718 983 1706 985 1706 988 1706 991 1706 994 1706 1020 1718 1034 1729 1155 1729 1167 1721 1195 1706 1198 1706 1201 1706 1204 1706 1207 1706 1207 1709 1224 1724 1233 1732 1494 1732 1500 1729 1534 1709 1537 1709 1540 1709 1543 1709 1546 1709 1546 1712 1566 1729 1572 1732 1606 1729 1808 1712 1810 1712 1813 1712 1859 1735 1856 1801 1854 1818 1664 1841 1661 1841 1540 1818 1494 1838 1491 1838 1489 1838 1374 1818 1313 1838 1310 1838 1307 1838 1305 1838 1256 1818 988 1836 985 1836 983 1836 980 1836 948 1815 744 1833 741 1833 635 1813 609 1833 606 1833 603 1833 600 1833 597 1833 531 1813 347 1827 344 1827 342 1827 273 1804"/></Shape>
	    <String CONTENT="Bref, malheur ſuit celuy qui m&#39;ayme, ſert et ſuit."
                    HPOS="273"
                    VPOS="1701"
                    WIDTH="1586"
                    HEIGHT="140"></String>
          </TextLine>

          
          
          <TextLine ID="eSc_line_b6dea38d"
                    TAGREFS="LT551"
                    BASELINE="278 1890 1842 1899" 
                    HPOS="273"
                    VPOS="1807"
                    WIDTH="1569"
                    HEIGHT="132">
            <Shape><Polygon POINTS="278 1890 275 1824 376 1807 379 1807 382 1807 385 1807 405 1824 416 1833 488 1833 505 1824 549 1810 551 1810 554 1810 557 1810 600 1824 609 1827 623 1824 730 1807 733 1807 735 1807 738 1807 764 1827 770 1833 850 1833 879 1827 957 1810 960 1810 962 1810 965 1810 965 1813 985 1827 991 1833 1020 1827 1086 1818 1089 1818 1158 1830 1181 1833 1190 1830 1230 1810 1233 1810 1236 1810 1305 1810 1307 1810 1362 1830 1371 1836 1618 1836 1638 1833 1747 1813 1750 1813 1839 1836 1842 1899 1839 1919 1443 1939 1440 1939 876 1919 807 1936 804 1936 801 1936 799 1936 796 1936 796 1933 781 1922 419 1933 416 1933 413 1933 411 1933 385 1913 273 1910"/></Shape>
	    <String CONTENT="Heureux ꝗ ſeruãt dieu m&#39;acablɇ et me pourſuit."
                    HPOS="273"
                    VPOS="1807"
                    WIDTH="1569"
                    HEIGHT="132"></String>
          </TextLine>

          
          
          <TextLine ID="eSc_line_e4b6aa4a"
                    TAGREFS="LT551"
                    BASELINE="275 1996 1856 2005" 
                    HPOS="270"
                    VPOS="1916"
                    WIDTH="1586"
                    HEIGHT="121">
            <Shape><Polygon POINTS="275 1996 275 1922 801 1939 873 1930 914 1925 916 1925 919 1925 939 1930 965 1939 974 1930 991 1916 994 1916 997 1916 1000 1916 1075 1916 1077 1916 1080 1916 1080 1919 1095 1930 1115 1916 1118 1916 1121 1916 1123 1916 1307 1916 1310 1916 1313 1916 1345 1936 1353 1942 1362 1936 1402 1919 1405 1919 1408 1919 1411 1919 1463 1939 1477 1945 1586 1945 1609 1939 1782 1919 1785 1919 1787 1919 1856 1945 1856 2005 1851 2037 270 2025"/></Shape>
	    <String CONTENT="Car en m&#39;aimãt, aymé de Chriſt nul ne peut estre."
                    HPOS="270"
                    VPOS="1916"
                    WIDTH="1586"
                    HEIGHT="121"></String>
          </TextLine>

          
          
          <TextLine ID="eSc_line_a3f84d3d"
                    TAGREFS="LT551"
                    BASELINE="278 2100 1856 2109" 
                    HPOS="270"
                    VPOS="2011"
                    WIDTH="1586"
                    HEIGHT="146">
            <Shape><Polygon POINTS="278 2100 281 2011 356 2031 390 2014 393 2014 396 2014 503 2034 710 2019 784 2014 787 2014 790 2014 804 2019 836 2037 1011 2025 1126 2017 1129 2017 1132 2017 1155 2028 1178 2037 1247 2028 1287 2025 1290 2025 1333 2031 1394 2040 1408 2031 1434 2019 1437 2019 1440 2019 1443 2019 1494 2034 1514 2040 1520 2034 1534 2022 1534 2019 1537 2019 1540 2019 1543 2019 1589 2019 1592 2019 1595 2019 1595 2022 1609 2037 1615 2040 1638 2037 1764 2019 1767 2019 1770 2019 1773 2019 1796 2040 1799 2042 1854 2042 1856 2109 1851 2155 1402 2137 1379 2146 1356 2157 1353 2157 1351 2157 1348 2157 1345 2157 1328 2146 1307 2134 1287 2146 1267 2155 1264 2155 1264 2157 1049 2157 1046 2155 1043 2155 1040 2155 1026 2140 1020 2137 977 2140 813 2152 810 2152 807 2152 804 2152 787 2137 781 2132 770 2137 727 2152 724 2152 721 2152 609 2137 503 2152 500 2152 497 2152 494 2152 494 2149 480 2137 350 2152 347 2152 344 2152 270 2126"/></Shape>
	    <String CONTENT="Or deuineZ mõ nom, ma ſourcɇ, et de mõ maiſtre."
                    HPOS="270"
                    VPOS="2011"
                    WIDTH="1586"
                    HEIGHT="146"></String>
          </TextLine>

          
          
          <TextLine ID="eSc_line_0c3d7805"
                    TAGREFS="LT549"
                    BASELINE="856 2626 1201 2626" 
                    HPOS="856"
                    VPOS="2537"
                    WIDTH="345"
                    HEIGHT="135">
            <Shape><Polygon POINTS="856 2626 856 2537 1201 2542 1201 2626 1201 2657 856 2672"/></Shape>
	    <String CONTENT="FIN."
                    HPOS="856"
                    VPOS="2537"
                    WIDTH="345"
                    HEIGHT="135"></String>
          </TextLine>

          
        </TextBlock>
        
        <TextBlock HPOS="983"
                   VPOS="2250"
                   WIDTH="185"
                   HEIGHT="183"
                   ID="eSc_textblock_38ae7df8"
                   TAGREFS="BT1645">
          <Shape><Polygon POINTS="983 2250 983 2433 1168 2433 1168 2250"/></Shape>
          
        </TextBlock>
        
        <TextBlock HPOS="1309"
                   VPOS="2143"
                   WIDTH="492"
                   HEIGHT="484"
                   ID="eSc_textblock_9cffc08c"
                   TAGREFS="BT1647">
          <Shape><Polygon POINTS="1309 2143 1309 2627 1801 2627 1801 2143"/></Shape>
          
        </TextBlock>
        

        
      </PrintSpace>
    </Page>
  </Layout>
</alto>
