2200 3476
576 596 1081 171 Extrait du Priuilege.

669 822 1246 128 AR lettres patentes du Roy donnees à Paris

672 921 1238 101 le dixhuitiéme iour d’Octobre, mil cinq cẽs

666 990 1244 107 ſoixante ſix, ſignees, Par le Roy à voſtree re¬

655 1065 1258 119 lation, CAMVS, & ſeellees du grand ſeel

333 1149 1582 105 dudit Seigneur en cire iaulne ſur ſimple queuë: eſt per¬

339 1213 1576 119 mis à Puilippe de Caſtellas demeurart à Iyon, de faire

339 1300 1576 110 imprimer en telle marge & caractere que bon luy ſem¬

342 1364 1576 119 blera, & mettre en lumiere, & diſtribuer par tel impri¬

336 1445 1585 122 meur, ouu lilbraire qu’il voudra nommer & choiſir, vn

342 1517 1582 110 liure intitulé, Cent Emblemes, ou Deuiſes Chrestiennes, com¬

342 1601 1582 116 poſees par Damoiſelle Georgette de Montenay: & par

344 1682 1586 105 meſmes lettres patentes eſt permis à Pierre Vvoeriot

342 1743 1585 110 ſculptur du Duc de Lorraine, de pourtraire, grauer &

347 1819 1583 104 trailler en cuiure & raille douce les figures deſdicts em¬

353 1894 1574 107 blemes, iuſques au temps &terme de cinq ans. Eſt inhi¬

350 1966 1580 122 bé & défendu à toutes autres perſonnes de quelque qua¬

344 2050 1586 108 lité qu’elles ſoient, d’icelui imprimer ou faire imprimer,

350 2123 1583 113 ne tailler leſdictes figures, les expoſer & mettre en ven¬

356 2195 1580 116 te ſans le conſentement dudit Caſtellas, ſur peine aux

356 2276 1583 99 contreuenans de confiſcation du liure, d’amende arbi¬

359 2343 1580 104 traire & de tous deſpens, dommages & intereſtz enuers

356 2412 1583 139 les parties, comme plus amplement eſt declairé auſdi¬

359 2517 417 92 ctes patentes.
