2190 3452
351 307 1548 219 A TRESILLVSTRE

558 503 1122 129 ETVERTVEVSE

777 604 679 106 PRINCESSE

371 716 1482 141 MADAME IEANNE D’AL¬

520 825 1175 130 BRET, REINE DE NA¬

661 926 916 103 VARRE, GEORGETTE

802 1006 596 84 de Montenay hum¬

958 1070 276 97 ble ſalut.

748 1277 1131 155 N rougiſſant, voirɇ & tremblant

811 1409 417 89 de crainte

739 1495 1134 141 De me pouuoir venir à mõ atteinte,

725 1599 1148 173 Ie prin en main la plume pour eſcrire

302 1697 1174 141 Ce que ne peux aſſeZ penſer ne dire:

296 1797 1304 153 Dont me voy pres d'vne iuste repriſe,

287 1901 1206 147 Si ie pourſuy ſi hauteinɇ entrepriſe,

293 2005 1232 140 De commencer & ne parfaire point.

293 2105 1229 144 Jl eſt meilleur de ne s’en meſler point,

284 2212 1120 138 Dira quelcun plus que moy auisé:

282 2304 1323 158 Mais bon vouloir n'eſt iamais mesprisé,

284 2413 1270 135 Combien qu'il ſoit tant ſeulement vtile

284 2522 1146 147 Lors que l'effect luy eſt rendu facile.

279 2617 1133 187 Regardant dont ma foible petiteſſe,

1412 2764 167 109 a 2

1726 2738 107 138 Et
