2200 3468
291 306 1235 141 Et l’approchant de la haute hauteſſe

291 424 1281 130 De voz vertus, (ô Princeſſe bien nee)

291 531 1261 125 Ie per le cœur, ma Muſɇ eſt estonnee,

294 641 1359 101 Combien que i’ay la plumɇ encor en main.

289 736 1355 110 Mais pour tel faict trauailleroit en vain:

291 832 1472 130 Car beaucoup moins voz vertus immortelles

291 921 1351 142 Pourrois nombrer que du ciel les estoilles.

300 1049 1287 118 Par ſorce donc ſuis contreinte me taire,

303 1156 1223 115 Pour n'estre pas ditte trop temeraire,

291 1262 1385 125 Laiſſant traitter voz vertus magnifiques

306 1364 1096 118 Aux excellens poetes angeliques,

303 1468 1359 121 Qui toutesfois n'ont pas meilleur vouloir:

300 1572 1191 115 Mais trop ie ſen debile mon pouuoir:

294 1679 1165 121 Ce neantmoins tant que viue ſerai,

306 1780 1130 110 Par mes eſcrits en vers confeſſerai

306 1872 1489 139 Que l'Immortel de vous faiſant ſon temple,

303 1985 1330 130 Vous façonna pour estre à tous exemple,

306 2092 1356 124 Et vrai pourtraict de ſon image ſaincte

318 2199 1407 115 Que lon contemplɇ en reuerencɇ & crainte.

306 2294 1347 124 Il n’a voulu d'vn ſeul don vous pouruoir,

312 2392 1367 139 En vous faiſant Reine de grand pouuoir,

309 2508 1327 119 Acquerir los, voire plus haut qu'en terre:

309 2603 1211 200 Mais a rempli vostre vaſe de terre

1731 2650 145 173 De
