2190 3452
328 313 1312 161 De ſes treſors en nombre non nombrable:

319 445 1079 130 Et c'eſt ceci que ie tien admirable,

328 549 1202 135 Recognoiſſant, ce qui en vous reluit

322 653 1326 132 N'estre de vous, ains de Dieu qui y mit

333 759 1221 132 Une foy viue qu'en vous il a plantee

319 854 1183 135 Pour par icelle en ſon fils estre entee,

330 963 1365 138 Comme les fruicts en rendent teſmoignage,

316 1072 1462 141 Quand auez fait que maint bon perſonnage

310 1170 1174 138 Eſt recuilli doucement en voZ terres,

310 1280 1267 126 Et les Chrestiens receueZ de bon veuil.

305 1372 1269 149 C’eſt au ſeul Chriſt que faites tel acueil.

316 1478 1367 150 Car quand les Rois ne les peuuent ſouffrir,

313 1582 1186 144 Uous leur veneZ biens & païs offrir,

307 1677 1218 149 Uoirɇ à celui lequel à Chriſt s’auouë,

305 1786 1433 152 Sans s’espargner. Donc forcɇ eſt que i’auouë

313 1898 1243 132 Que l'Eternel en vous a fait merueille.

302 1993 1142 141 Dames ouyeZ, chaſcune ſe reueille

302 2094 1165 152 Pour contempler en ioyɇ & en lieſſe,

302 2200 1280 147 Les faitz de Dieu enuers vne princeſſe.

299 2301 1292 149 Veuillez, de cueur ſes graces recognoitre,

290 2404 1223 147 Et ainſi qu'elle il vous fera renaitre,

296 2508 1246 144 En ſainteté, iusticɇ, & cueur humain.

296 2620 1396 164 Car tous ces dons ſont touſiours en ſa main

1346 2767 159 103 a 3

1648 2747 211 115 Pour
