1219 1873
623 165 308 78 RITHMES

243 240 863 92 Que ſeulement pour auoir mis ſi hault

239 319 815 88 Le tien deſir, & l’eſpoir, qui te fault,

240 396 796 75 Celà ft donnɇ aſſez de recompence

235 466 927 75 De ton trauail. Pour autant donques pence

246 533 682 77 Qu’en ceste ſoif, & alteracion,

243 604 657 74 Tu peux auoir refrigeracion.

239 671 904 81 Car le tourment, que tu ſouffres pour elle,

235 744 654 61 Estre te doit ioye continuelle

234 814 802 70 A ton eſprit, & doux contentment,

239 881 801 75 Et au trauail treſgrand allegrement.

239 941 920 84 Car il n'est rien, tant ſoit grand, en ce

331 1023 178 64 monde,

239 1080 920 85 Qui vaillɇ autant que ce mal qui t’abonde.

240 1153 855 78 Or te ſoit doncq' triumphant victoire

239 1222 865 71 D'estre vaincu d’elle, qui est ta gloire.

239 1287 872 86 S'elle te tient, & vainct pour ſon captif,

234 1359 792 78 Son cueur ſera au tien plus intentif,

240 1431 769 76 S’elle te tient ſouz condicion ſerue,

239 1499 829 80 A quelque fin, peult estre, te reſerue.

240 1567 874 82 Laiſſe luy doncq', toy eſtant ſien, la cure

240 1638 821 97 De ce qu'ellɇ a, & à ſoy ſe procure:

1059 1710 99 75 Laiſſe
