1268 1859
94 198 809 88 ANTOINE DV MOV¬

148 286 685 81 LIN AVX DAMES

261 365 452 61 LYONNOISES

434 427 34 87 S.

279 553 674 89 OMME ainſi ſoit que l'incli¬

269 635 692 79 nacion, laquelle naturellement

268 695 682 84 nous auons à noz ſemblables,

271 765 682 80 nous face eſmouuoir ſelon le

69 836 885 70 on, ou mauuais accident auenu à ceulx de

63 898 891 90 noſtre complexion, ie ne douteray point

69 974 882 77 que la pluſpart de vous, Dames vertueu¬

66 1036 902 85 ſes, ne ſoit aſſez marrie de ſoy meſmes du

68 1106 885 83 reſpas de celle vertueuſe, gentile, & tou¬

69 1168 882 94 ce ſpirituelle Dame D. Pernette du Guillet,

68 1245 888 84 ſans d’auantage par ce petit recueil ſien

63 1312 888 82 vous renouueler la douleur, qui encor'

62 1374 894 88 vous ſaigne au cueur (meſmment à vous

72 1439 884 91 qui de plus priuée frequentacion l’auez

65 1515 894 86 cogneuë) y pour l’outrage fait n’agueres

63 1584 896 87 par la Mort à elle & à vous, comme en¬

589 1660 103 133 Aij

802 1654 160 136 uieuſe
