1268 1894
276 206 917 98 uieuſe de noſtre bien. Mais les inſtantes, et

279 290 914 87 affectionnées remonſtranccs de ſon dolen

282 351 912 94 mary m’ont perſuadé, comme luy, à vou

284 432 912 79 vouloir pluſtost deſplaire pour un peu

288 501 909 76 vous renouuelãt voſtre particulier regret

284 569 914 86 que de vouloir generalement priuer tou

284 640 914 82 tes celles, qui ne la cogneurent oncq' de fa

285 710 916 80 ce, de ce petit amas de rithmes, leſquelle

282 776 916 84 elle nous laiſſa pour teſmoignage de l

282 845 913 83 dextertité de ſon diuin eſprit, & lequel, e

265 912 936 85 le liſant, ſera ſuffiſant (i’en ſuis tout aſſeu

287 983 922 82 ré) de la faire regretter, non ſeulement

288 1052 913 82 ſes acointées, mais außi à toutes perſonne

285 1125 921 79 de vertu, auecq’ vne perpetuelle hayn

290 1193 914 77 contre la Mort, qui nous a priuez de l

288 1259 922 77 conſommacion, que par cest heureux com¬

285 1327 924 79 mencement la felicité de ſon celeſte engin

285 1398 926 77 nous promettoit. Car, veu le peu de temp

287 1463 926 79 que les cieux l’ont laißée entre nous, il est

292 1534 921 74 quaſi incroyable comme elle a peu auoir

281 1598 937 92 le loyſir, ie ne dy ſeulement de ſe rendre ſi

1125 1684 92 71 par¬
