1268 1859
68 182 925 95 parfaitement aſſeurée en tous inſtruments

65 264 923 87 muſiquaux, ſoit au Luth, Eſpinette, & au¬

66 331 929 91 tres, leſquelz de ſoy requierent vne bien

63 401 930 86 longue vie à s'y yendre parfaitz, comme

62 469 926 84 elle eſtoit, & tellement, que la promptitu¬

60 536 925 88 de, qu'elle y auoit, donnoit cauſe d’eſbahiſ¬

62 610 925 76 ſement aux plus experimentez: mais en¬

63 675 922 84 cores à ſi bien diſpẽſer le reſte de ſes bon¬

57 749 928 78 nes heures, qu’elle l’aye employé à toutes

60 810 927 83 bonnes letres, par leſquelles elle auoit eu

62 879 922 87 premierement entiere & familiere co¬

62 948 920 85 gnoiſſance des plus louables vulgaires

60 1014 921 84 (oultre le ſien) comme du Thuſcan, & Ca¬

63 1078 915 94 ſtillan, tant que ſa plume en pouuoit faire

64 1151 918 88 foy. Et apres auoit ia bien auant paßé les

60 1216 922 91 rudiments de la langue Latine, aſpirant à

57 1287 928 88 la Græque (ſi la lampe de ſa vie eust peu

62 1350 925 98 veiller iuſques au ſoir de ſon aage) quand

51 1420 934 88 les cieux nous enuiants tel heur la nous

58 1493 924 85 rauirent, Dames Lyonnoiſes, pour vous

58 1560 927 103 laiſſer acheuer ce qu'elle auoit ſi heureu¬

585 1640 151 160 A iij

813 1642 175 151 ſement
