1268 1894
288 184 938 103 fement commencé: c'est à ſçauoir de vous

285 263 938 85 excerciter, comme elle, à la vertu, & tel¬

284 331 930 91 Iement, que ſi par ce ſien petit paſſetemp

287 402 932 82 elle vous a monſtré le chemin à bien, vou

287 471 932 87 la puißiez ſa glorieuſement enſuyure, qu

285 538 941 90 Ia memoire de vous puiſſe teſtifier à l

290 607 933 87 poſterité de la docilité & viuacité des bõ

292 677 934 91 eſpritz, qu’en tous artz ce Climat Lyon¬

285 746 945 85 nois a touſiours produit en tous ſexes, voi¬

295 814 933 90 re aſſez plus copieuſement, que guere au¬

288 882 935 87 tre, que l’on ſçache. Qui est la cauſe, qu

290 953 921 83 m'a meu, entre les autres perſuaſions,

298 1024 927 79 vous communiquer ce peu de commence

293 1087 935 85 ment, que ſon affectionné mary a trouu

292 1155 942 91 parmy ſes brouillaz en aſſez poure ordre

292 1223 931 87 comme celle, qui n’eſtimoit ſa facture eſtr

293 1295 935 84 encor' digne de lumiere, iuſques à ce qu

292 1358 936 86 Ie temps la luy eust par frequent eſtude

296 1429 928 89 & eſtẽdue, & lymée. Et pource en la meſ

290 1494 940 89 me ſorte que luy, & moy auons trouué E¬

292 1567 938 106 pigrammes, Chanſons, & autres diuerſe

1144 1654 90 69 ma
