1268 1859
37 161 933 93 matieres de diuers lieux, en pluſieurs pa¬

38 235 929 85 piers confuſément extraitz, les vous auõs

34 308 936 83 icy, quaſi cõme pour copie, mis en euiden¬

37 379 931 84 ce, tant pour ſatisfaire à ceulx, à qui pri¬

34 447 934 82 uément en maintes bonnes compaignies elle

32 511 938 90 les recitoit à propos, comme la pluſpart

34 580 928 86 faitz à leur ocaſion, qu’außi pour ne vou¬

32 649 922 85 Ioir perdre ſoux ſilence d’eternel oubly

31 718 928 87 choſe qui vous peuſt, non ſeulemẽt recréer,

29 791 933 79 mais faire honneur à vous, Dames Lyon¬

29 856 933 84 noiſes, & vous faire priſer en maintes con

31 932 919 79 trées toutes les fois que ces petites, &

29 988 933 93 louables ieuneſſes ſiennes ſeront en grande

29 1062 935 85 admiracion leuës de tous. Et quand ce ne

29 1127 936 92 ſeroit, qu’elles pourront inciter quelqu'vne

29 1200 935 85 de vous, ou d’ailleurs, & l’animer aux le¬

27 1271 935 86 tres, pour participer de ce grand & im¬

26 1335 953 88 mortel los, que les Dames d’Italie ſe font au

26 1406 941 85 iourd’huy aquis, & tellemẽt, que par leurs

26 1470 939 90 diuins eſcritz elles terniſſent le luſtre de

24 1542 946 100 maintz hõmes doctz, & cõe en Frãce ſem¬

643 1626 135 82 Aiiij

849 1617 116 91 bla¬
