1268 1894
254 168 961 92 blablement tant d'honneſtes & vertueuſes

255 236 962 93 Dames, & damoyſelles s’y adõnent auecq'

257 321 962 78 vne grãde expectacion de leur perpetuelle

252 393 962 72 renommée au grand honneur, & louange

249 457 966 81 de tout ce Royaume: & quand ce ne ſeroit

257 527 962 77 (rediray-ie) que pour toutes ces iuſtes, &

251 595 964 77 Iouables ocaſions, ne deurois-ie eſtre iugé

251 664 961 80 ingrat, & outrageux à vous toutes, ſi,

251 735 963 76 ayant cecy entre mains, ie vous euſſe celé

254 804 960 78 ce petit eſguillon de vous pouſſer à plus

249 872 960 76 hault bien, en perpetuelle recommanda¬

249 940 963 76 cion de voſtre renommée? Certainement il

247 1008 965 81 n’est celuy (pour depraué iugement qu’il

251 1081 963 72 aye) qui ne m’en deust à bonne ocaſion

246 1142 968 79 blaſmer, comme larron de l’honneur, &

252 1210 955 82 publique louange de voſtre ſexe. Et ſi d’a¬

247 1284 962 79 uanture ſe trouue quelque bigarré cerueau

255 1355 949 71 (comme communément la vertu ne va ia¬

244 1418 960 84 mais ſeule ſans enuie) qui vueille prendre

247 1489 959 81 cecy en mauuaiſe part, pour n’en ſçauoir

247 1557 957 92 autant faire, ny en aprocher cent lieuës

1073 1635 127 91 pres,
