1268 1859
75 156 923 91 pres, ie vous ſuply' croyre, que toute per¬

68 235 922 76 ſonne de bon & ſain entendement ſçait

63 305 932 80 treſbien, que tout ainſi que naturellement

65 371 927 82 chacun de ſoy iuge les autres, les bons,

63 449 927 68 comme vous, Dames bonnes, & vertueu¬

58 509 932 81 ſes, feront touſiours bien leur proffit en

55 580 929 78 tout, & par tout: car il n'est ſi petite, ne ſi

55 642 924 84 meſchante choſe, dont on ne puiſſe tirer

54 718 925 79 quelque peu de bien, & vtilité, qui l’y vou

49 785 926 77 dra chercher, & le prendre en bonne in¬

41 858 932 73 tencion. Et pource, quand vous orrez de¬

48 924 926 81 tracter l’enuie pour vous deſcourager, &

44 989 924 83 deſtourner de bien faire, ſouuienne-vous,

41 1058 927 85 qu'il fault neceſſairement que les Aſnes

51 1127 914 78 voiſent touſiours à leurs chardons: & à

48 1199 914 77 Dieu mes dames, en grace de qui i’ay mieux

46 1265 911 85 ayme deſplaire aux malings, qu’en leur

40 1333 917 82 complaiſant, vous faire tord. De Lyon ce

32 1398 710 100 xiiij d’Aouſt mil cinq cents. xlv.

742 1476 208 104 Rithmes
