1268 1859
145 111 726 65 DE D. P. DV GVILLET.

88 192 879 79 N’auois pouuoir, qui fort me marriſſoit.

85 261 899 82 Mais quand ie vy que l’aubɇ aparoiſſoit

85 329 936 81 En couleurs millɇ & diuerſe, & ſeraine,

89 399 684 79 Ie ne trouuay de lieſſe ſi pleine

96 467 759 72 (Voyant deſia la clarté à la ronde)

89 532 878 81 Que commençay louer à voix haultaine

88 604 928 88 Celuy, qui fist pour moy ce iour au monde¬

86 742 805 83 Ce grand renom de ton meslé ſçauoir

83 810 836 85 Demonſtre bien, que tu es l’excellence

83 881 774 84 De toute gracɇ exquiſe pour auoir

85 941 928 92 Tous dons des cieux en pleine iouyſſance.

82 1019 925 85 Peu de ſçauoir, que tu fais grand' nuiſance

83 1082 797 90 A mon eſprit, qui n’a la promptitude

80 1158 812 78 De mercier les cieux pour l’habitude

80 1219 831 88 De celuy là, ou les trois graces prinſes

83 1288 713 86 Contentes ſont de telle ſeruitude,

77 1350 935 103 Par les vertuz, qui en luy ſont comprinſes.

80 1488 874 98 Eſprit celeſtɇ, & des dieux transformé

80 1556 930 126 En corps mortel tranſmis en ce bas mõde.

942 1648 70 170 A
