1268 1894
451 83 316 130 RITHMES

240 209 709 94 A Apollo peux eſtre conformé

241 287 954 83 Pour la vertu, dõt es la ſourcɇ, & l’onde.

249 358 850 80 Ton eloquencɇ auecques ta faconde,

246 424 821 82 Et hault ſçauoir, auquel tu es apris,

249 494 924 82 Demonſtrɇ aſſez le bien en toy compris:

252 565 850 77 Car en douceur ta plume tant fluante

251 637 846 77 A merté d’emporter gloirɇ, & pris,

263 703 922 78 Voyant ta veinɇ en hauſt ſtilɇ affluante.

252 838 944 88 Puys qu’il t’a pleu de me faire cognoiſtre,

251 912 780 74 Et par ta main, le Vicɇ à ſe muer,

257 981 939 79 Ie taſcheray fairɇ en moy ce bien croiſtre,

265 1049 856 79 Qui ſeul en toy me pourra tranſmuer:

258 1120 814 76 C’est à ſçauoir, de tant m'eſuertuer,

268 1185 845 82 Que cognoiſtras, que par eſgal office

260 1256 807 76 Ie fuyray loing d’ignorance le vice,

263 1324 794 75 Puys que deſir de ne tranſmuer as

268 1388 939 87 De noirɇ en blãchɇ, & par ſi hault ſeruice

268 1463 777 72 En mon erreur Ce vice tu mueras.

271 1595 786 104 Par ce dixain clerement ie m'acuſe

1143 1669 61 76 De
