1268 1859
83 153 735 79 PE D. P. DV GVILLET.

63 240 744 77 De ne ſçauoir tes vertuz honorer,

62 294 928 97 Fors du vouloir, qui eſt biẽ muaigrɇ excuſe:

57 368 814 85 Mais qui pourroit par eſcrit decorer

62 433 792 85 Ce, qui de ſoy ſe peult fairɇ adorer?

58 503 765 85 Ie ne dy pas, ſi i’auois ton pouuoir,

60 571 775 87 Qu'à m’aquiter ne fiſſe mon deuoir,

55 641 909 91 A tout le moins du bien, que tu m’auouës.

54 707 862 93 Preſte moy doncq' ton eloquent ſçauoir

52 779 789 91 Pour te louer ainſi, que tu me louës.

52 910 676 93 R, au dixain toute ſeule ſumiſe

54 977 886 101 M’a, à bon droit, en grand doutance miſe

52 1048 935 103 De mal, ou biẽ, que par R, on peult prẽdre.

55 1110 871 109 Car pour errer, R, ſe peult comprendre,

52 1185 817 102 Signifiant que le loz qu’on me preſte,

52 1253 933 100 Soit vnɇ erreur, ou quɇ R, eſt riẽ, ou reſte:

49 1318 884 102 Mais ſi par R, on veuſt reſponcẽ auoir.

49 1391 771 100 Ie dy, combien que n’aye le ſçauoir,

51 1456 769 102 Ne les vertuz, que ton R, m'auoüé,

57 1521 902 118 Qu'errer ie fais tout homme qui me louë.

916 1609 76 211 Ia
