1268 1894
535 140 319 77 RITHMES

238 202 851 105 Ia n’est beſoing que plus ie me ſoucie,

238 276 879 102 Si le iour fault, ou que vienne la nuict,

240 344 955 102 Nuict hyuernalɇ, & ſans Lunɇ obſcurſie:

241 429 828 76 Car tout celà certes rien ne me nuit,

243 486 868 94 Puys que mon Iour par clarté adoucie

243 550 933 101 M’eſclaire toutɇ, & tant, qu'à la mynuict

249 631 753 91 En mon eſprit me fait aperceuoir

249 699 952 90 Ce que mes yeux ne ſceurent onques voir.

249 828 815 89 Plus ie deſirɇ, & la fortune auerſe

252 898 921 91 Moins me permet, que puiſſe celuy voir,

252 964 888 93 A qui ellɇ eust par mainte controuerſe

251 1032 871 94 Fait maint ennuy, ſi ne fuſt ſon ſçauoir,

262 1101 912 95 Qui des cieutx a ce tant heureux pouuoir

254 1171 837 90 De paruenir touſiours à ſon entente:

258 1242 841 88 Dont auecq' luy ce ſoulas puis auoir,

270 1310 859 94 Que, luy content, ie demeure contente.

258 1448 807 84 Si tu ne veux l’anneau tant eſtimer,

266 1513 826 104 Que d’vn baiſer il te ſoit rachetable:

271 1590 898 111 Tu ne dois pas, au moins ſi peu l'aymer,

1092 1658 122 76 Qu'il
