1268 1859
145 151 738 86 DE D. P. DV GVILLET.

54 235 897 91 Qu'il ne te ſoit, non pour l’or acceptable:

51 300 920 98 Mais pour la main, qui pour plus rendrɇ

51 368 920 96 Sa foy vers toy, te l’a voulu lyer (eſtable

51 438 773 88 D'vn Dyamant, ou tu peux deſplier

51 508 764 83 Vn cueur taillé en face perdurable,

48 573 824 94 Pour te monſtrer, que ne dois oublier,

49 646 891 89 Comme tu fais, la ſiennɇ amour durable.

48 748 914 107 Comme le corps ne permet point de voir,

46 816 775 98 A ſon eſprit, ny ſçauoir ſa puiſſance:

46 890 777 93 Ainſi l’erreur, qui tant me fait auoir

43 963 882 95 Deuant les yeux le bandeau d’ignorance,

44 1030 820 93 Ne m'a permis d’auoir la cognoiſſance

44 1095 828 94 De celuy là, que pour pres le chercher

43 1160 874 102 Les dieux auoient voulu le m’aprocher:

41 1228 893 104 Mais ſi hault bien ne m'a ſçeu aparoiſtre.

41 1299 893 104 Parquoy à droit l’on me peult reprocher,

46 1372 905 91 Que plus l’ay veu, & moins l’ay ſceu co¬

131 1442 196 76 gnoiſtre.

41 1521 802 107 Le corps rauy, l’ame s’en eſmerueille

43 1601 857 117 Du grand plaiſir, qui me vient entamer,

863 1700 91 115 Me
