1268 1894
511 143 308 81 RITHMES

266 209 874 111 Ne rauiſſant d’Amour, qui tout eſueille

263 285 932 101 Par ce ſeul bien, qui le fait Dieu nommer.

265 356 928 98 Mais ſi tu veux ſon pouuoir conſommer:

273 429 920 98 Fault que par tout tu perdes cellɇ enuie:

277 495 867 100 Tu le verras de ſes traitz s’aſommer,

268 565 824 104 Et aux amants acroiſſement de vie.

268 667 909 106 L’heur de mon mal, enflammant le deſir

273 743 911 96 Fait diſtiller deux cueurs en vn deuoir:

273 803 941 107 Dont l’vn est vif pour le doux deſplaiſir,

279 879 934 105 Qui fait que Mort tient l’autrɇ, en ſon

374 975 214 74 pouuoir.

273 1016 792 98 Dieu aueuglé, tu nous as fait auoir

270 1090 803 87 Du bien le mal en effait honorable:

274 1152 924 107 Fay doncq' außi, que nous puißions auoir

274 1223 872 99 En noz eſpritz contentement durable.

270 1322 787 104 Le grand deſir du plaiſir amirable

270 1404 835 84 Se doit nourrir par vn contentement

271 1469 783 84 De ſouhaiter choſe tant agreable,

281 1537 884 98 Que tout eſprit peult rauir doucement.

274 1606 806 111 O que le fait doit eſtre grandement

1089 1663 123 90 Rem¬
