1268 1859
134 32 732 138 DE D. P. DV GVILLET.

43 158 933 102 Remply de bien! quãd pour la grand' enuie

44 224 926 98 On veult mourir, s’on ne l’a promptement:

40 298 899 98 Mais ce mourir engendrɇ vnɇ autre vie.

31 432 806 96 Pour contenter celuy, qui me tourmente,

31 509 923 88 Chercher ne veux remedɇ à mon tourment:

27 570 876 102 Car en mon mal voyant qu’il ſe contente,

24 661 740 73 Contente ſuis de ſon contentement.

21 776 924 102 L’ame, & l’eſprit ſont pour le corps orner,

27 850 898 93 Quand le vouloir de l’Eternel nous donne

24 924 868 87 Sens, & ſçauoir, pour pouuoir diſcerner

20 988 841 91 Le bien du bien, que la raiſon ordonne.

18 1056 919 95 Parquoy ſi Dieu de telz biens te guerdõne,

18 1129 665 83 Il a donné raiſon, qui a pouuoir

18 1192 812 92 De bien iuger ton heur, & ton ſçauoir.

18 1264 771 86 Ne trouue doncq' choſe ſi amirable,

17 1333 700 84 Si à bon droit te deſirent de voir

18 1397 884 101 Le Corps l’Eſprit, & l’Ame raiſonnable.

23 1529 789 119 Ie ſuis tant bien, que ie ne le puis dire,

565 1623 39 175 B

776 1618 160 182 Ayant
