1268 1894
571 86 314 79 RYTHMES

276 153 770 112 Ayant ſondé ſon amytié profonde

274 243 775 88 Par ſa vertu, qui à l'aymer m'atire

277 291 907 106 Plus que beauté: car ſa gracɇ, & faconde

277 367 878 100 Me font cuider la premiere du monde.

296 495 866 107 Que d’auoir mal pour choſe ſi louable,

292 571 893 99 Commɇ à chacun ſon grand contentement,

296 640 891 101 Tout bon eſprit (tant ſoit peu raiſonnable

290 719 895 90 Le pourra croirɇ, & par bon iugement.

293 778 853 101 Mais ſi voulez cognoiſtre clerement,

298 850 891 98 Lequel des deux a ſur plaiſir puiſſance,

300 917 876 99 Fauldra gouſter d’vn meur entendement

303 983 889 104 L’heur, & malheur de voſtre cognoiſſan

306 1114 834 107 Ie te promis au ſoir, que pour ce iour

303 1197 794 90 Ie m’en trois à ton inſtance grande

311 1257 860 101 Faire chez toy quelque peu de ſeiour,

311 1330 881 87 Mais ie ne puis: parquoy me recommande

317 1396 875 98 Te promettant m’aquiter pour l’amande,

315 1471 880 86 Non d’vn ſeul iour, mais de toute ma vie,

317 1532 872 114 Ayant touſiours de te complairɇ enuie.

1116 1613 82 78 Donc
