1268 1859
71 -1 741 152 DE D. P. DV GVILLET.

26 158 764 82 Doncq’ te ſuply' accepter le vouloir

21 230 613 76 De qui fu as la penſée rauie

17 298 874 86 Par tes vertuz, ta gracɇ, & ton ſçauoir.

20 436 854 72 Sçais tu pourquoy de te voir i’eu enuie?

21 505 831 79 C’eſt pour ayder à l’ouurier qui ceſſa

15 570 840 82 Lors qu’aſſembla en me donnant la vie

12 639 728 84 Les differents, ou apres me laiſſa.

17 711 758 82 Car m’eſbauchant Nature s’efforça

13 777 924 93 D'entendre, & voir pour nouuellɇ ordon¬

96 853 145 70 nance

15 909 930 99 Ton hault ſçauoir, qui m'acroiſt l’eſperãce

12 975 933 100 Des Cieux promuſɇ, ainſi que ie me fonde,

15 1053 756 77 Que me feras auoir la cognoiſſance

12 1115 761 102 De ton eſprit, qui eſbahit le monde.

9 1251 677 92 Si le ſeruir merite recompenſe,

4 1318 747 97 Et recompeuſɇ eſt la fin du deſir,

10 1392 924 102 Touſiours voudrois feruir plus qu'on ne

91 1456 144 85 penſe,

10 1524 853 115 Pour non venir au bout de mon plaiſir.

651 1626 86 79 B ij

841 1617 82 79 En
