1268 1894
571 22 311 105 RITHMES

241 132 944 90 En Dauphiné Ceres faiſoit encor' moiſſon,

240 212 876 81 Estant a Millery Bachus en ſa boiſſon:

241 280 944 90 Parquoy ie puis iuger, voyant les vins ſi

348 359 160 70 vertz,

251 418 928 88 Que Venus ſera froydɇ enor' ces deux

339 497 207 71 hyuertz.

249 626 771 84 Ie puis auoir failly par ignorance,

247 699 834 80 Celà me fault, maugré moy, confeſſer:

244 767 937 82 Mais que ie prennɇ en moy telle arrogãce,

251 830 838 87 Que deſſus vous ie m’oſaſſɇ auancer:

244 905 791 78 Ie vous ſuply' ne me vouloir penſer

244 972 746 76 Si indiſcretɇ à faire mon deuoir.

247 1040 839 74 Rien eſt il vray, que ie taſchɇ à auoir

249 1111 891 82 Ce, qui m'eſt deu, quoy qui en ait eſmoy:

249 1183 824 71 Car ſi Amour, & Foy ont & pouuoir

243 1246 867 82 De vous donner, vous estes tout à moy.

252 1382 708 85 A qui eſt plus vn Amant obligé

254 1453 827 79 Ou à Amour, ou vrayment à ſa dames?

255 1519 807 101 Car ſon ſeruicɇ eſt par eulx redigé

1015 1581 171 98 Au rang
