1268 1859
120 159 726 76 DE D. P. DV GVILLET.

58 242 937 86 Au rang de ceulx, qui aiyment los, & fame.

57 292 750 96 A luy il doit le cueur, à elle l’Ame,

58 373 929 90 Qui eſt autant, commɇ à tous deux la vie:

52 438 902 91 L’vn à l’honneur, l’autre à bien le conuie:

52 503 867 101 Et toutesfois voicy vn treſgrand poinct,

49 571 784 99 Lequel me rend ma penſéɇ aſſouuie,

52 638 932 107 C’eſt que ſans Damɇ Amour ne ſeroit point.

51 774 775 98 Or qui en a, ou en veult auoir deux,

44 845 932 103 Comment peult il faire deux Amours nai¬

134 909 109 80 ſtre?

41 971 788 116 Ie ne dy pas, qu'vne puiſſe bien eſtre

48 1050 927 102 Vn cueur plus grãd, que croire ie ne veux:

43 1110 761 109 Mais que pout ſeul il ſatisfiſt à eulx,

41 1183 599 101 Celà n’a point de reſoluton,

44 1250 929 114 Qui ſçeuſt abſouldrɇ, ou clorre ma demãde

37 1315 635 104 Et toutesfois ainſi qu’affection

38 1383 642 104 Croiſt le deſir, tellɇ obligation

35 1454 868 116 Peult Damɇ auoir à la Vertu ſi grande,

43 1527 775 105 Que de l’Amant la qualité demande

48 1592 730 115 Double meritɇ, ou double paßion.

579 1690 112 122 B iij

771 1696 177 116 Chan¬
