1268 1859
100 113 709 80 DE D. P. DV GVILLET.

41 195 512 80 Toutes fois tel paſſetmps

31 266 616 67 Me donnɇ encor' confiance,

34 336 672 76 Qu'vn iour ie verray le temps,

34 396 553 85 Que cil fera la vengonce

34 467 596 81 Du mal, qu’il m’a fait de ſoy

34 540 528 75 Au bien, ou ie me deçoy.

251 610 345 66 A VN AMY.

37 669 841 82 Prenez le cas, que comme ie ſuis vostre

40 746 868 70 (Et estre veux ) vous ſoyez tout à moy:

37 810 879 73 Certainemeut par ce commun bien nostre

48 875 916 83 Vous me deuriexz tel droit, que ie vous doy.

40 943 784 77 Et ſi Amour voiloit rompre ſa Loy,

37 1011 798 84 Il ne pourroit l’vn de nous diſpencer,

41 1085 704 67 S’il ne vouloit contreuenir à ſoy,

43 1151 865 85 Et vous, & moy, & les Dieux offencer.

44 1282 617 89 Soit que par eſgale puiſſance

43 1357 485 69 L’affection, & le deſir

40 1426 555 76 Debatent de la iouyſſance

43 1487 671 82 Du bien, dont ſe veulent ſaiſir:

48 1558 727 94 Si vous voulez leur droit choiſir,

575 1639 110 159 B iiij

855 1629 116 169 Vous
