1268 1859
105 119 727 77 DE D. P. DV GVILLET.

54 204 572 79 Sans aucune plainte former,

54 271 688 83 Ne me deurez-vous bien aymer?

55 402 791 87 Quand vouts verrez, que ſans cautelle

55 483 681 68 Touſiours vous auray esté telle,

54 549 662 78 Que le temps pourra affermer,

52 622 688 73 Ne me deurez-vous bien aymer?

186 689 683 62 HVITAIN A VN AMY.

49 751 740 80 Si ie ne ſuis telle, que ſoulois eſtre,

49 819 854 77 Prenez vous en au temps, qui m’a apris,

52 893 940 76 Qu'en me traitant rudemẽt, comme maiſtre,

46 960 769 74 Iamais ſur moy ne gaignerez le pris.

46 1025 846 79 Et toutesfois vous voyant touſiours pris

48 1096 875 75 En mon endroit, voſtrɇ ardeur me conuie

41 1163 915 85 Par ce hault bien, que de vous i’ay compris,

49 1230 695 79 A demeurer vostre toute ma vie.

251 1305 480 69 A LUYMESMES.

46 1360 626 85 Si ie n’ay peu, comme voulois,

51 1434 601 77 Vous reciter au long, & dire

54 1498 612 89 Ce, de quoy taut ie me doulois,

46 1567 758 112 Imputez le à mon cueur plein d'ire,

832 1648 125 150 Pour
