1268 1894
462 123 321 74 RITHMES

262 197 687 79 Pour n’auoir peu ouir meſdire

263 276 643 68 Du bien, que ie dois estimer,

268 347 728 71 Et pour qui on deuroit maudire

274 413 858 79 Tous ceulx, qui m’en veulent blaſmer.

552 482 367 67 CHANSON.

270 544 776 85 O vray Amour! donc ie ſuis priſe,

270 617 723 82 Commeut m'as-tu ſi bien apriſe,

274 694 755 73 Que de mon iour taut me contente,

274 756 733 82 Que ie n’en eſperɇ autrɇ atente,

273 825 630 79 Que celle de ce doux amer,

273 891 715 87 Pour me guerir du mal d’aymer?

274 1024 687 87 Du bien i’ay eu la iouyſſance,

274 1100 717 82 Dont il m’a donné cognoiſſance

274 1167 654 84 Pour m’aſſeurer de l’amytié,

281 1237 693 80 De laquellɇ il tient la moytié:

279 1300 778 92 Donques eſt il plus doux, qu'amer,

279 1376 720 87 Pour me guerir du mal d’aymer.

284 1508 587 82 Helas amy, en ton abſence

277 1581 624 96 Ie ne puis auoir aſſeurance,

1127 1657 77 76 Que
