1268 1894
555 101 316 67 RITHMES.

341 178 514 90 Car ie ſuis tant apriſe,

347 255 538 84 Que i’ay pour ſouuenir

347 317 597 82 La grandeur de ſon cueur

347 394 583 71 Estre du mien vaincueur

249 464 480 85 Et ſi ie n’ay la grace

342 525 468 82 Pour meriter d’auoir

342 585 659 95 Ce bien, & qu’on pourchaſſe

341 672 440 66 De Ie me deceuoir,

342 737 387 77 Ma fermeté fera,

358 803 437 82 Qu'il ſe contentera.

524 879 286 63 DIXAIN.

249 924 845 103 Ma volunté plus grande, que l'effait,

251 1006 710 79 Si elle eſtoit iustement meſurée,

249 1066 838 89 Rendre ne peult mon deſir ſi parfait,

255 1141 731 91 Qu'elle ne ſoit en luy demeſurée.

252 1210 695 87 Et toutesfois s'estant auanturée

252 1280 813 82 De tout en put ſon pouuoir meſurer,

255 1349 772 85 Onques n'a peu ſeulement endurer

254 1406 927 98 Son moiudrɇ effort: que ſeroit du ſurplus?

254 1483 916 79 Pour autant doncq' ne s'oſɇ auanturer

251 1549 912 106 De plus vouloir ce qu'elle veult le plus.

994 1625 204 63 A SON
