1268 1859
74 72 738 132 DE D. P. DV GVILLET.

261 210 407 71 A SON AMY.

40 278 793 79 Ie ne croy point ce, que vous distes,

52 336 642 79 Que tint de bien me deſiriez,

49 415 783 79 Commɇ à celle, pour qui vous fiſtes

49 481 696 81 Ce, que pour vous faire deuriez.

49 548 606 80 Mais quelle plus estimeriez,

49 619 741 75 Ou celle, qui d’vn cueur tremblant

54 686 611 76 N'oſe dire ce que voudriez:

52 752 713 87 Ou qui le dit d’vn faux ſemblant?

52 889 865 83 L'vne vous aymɇ, & ſi ne peult ſçauoir

55 958 933 83 Qu'Amour luy ſoit ou propicɇ, ou cõtraire

52 1030 930 80 L’autrɇ enuers vous fait ſi bien ſon deuoir

58 1099 879 83 Que plus ne ſçait, ou vous doyue com¬

144 1172 152 67 plaire.

55 1230 775 82 Or ie demandɇ en ſi douteux affaire

51 1301 662 82 A quelle plus deuez estre tenu?

54 1374 812 74 Car celle là d’vn cueur ſimplement nu

52 1439 929 86 Pour vous s’oublie, & pour ſoy pẽſiuɇ oſt

52 1507 710 79 Et ceste, cy, taſchant par le menu

52 1572 842 101 A vous gaigner, de ſon bien ſe deſueſt.

793 1649 204 95 Or bien
