1268 1859
97 185 701 75 DE D. P. DV GVILLET.

34 261 668 89 Que le plaiſir de folɇ affection:

27 337 824 79 Außi iamais ne s’en trouuɇ vn content,

32 405 859 84 Fuyant le bien, ou tout bon cueur pretent.

26 474 713 71 Et tout celà vient de la nourriture

29 542 766 85 Ou bas ſçauoir, que tient la creature.

34 605 889 98 Mais l’amytié, que les dieux m’ont donnée,

31 676 700 87 Eſt à l’honneur toute tant adonnée,

31 745 716 85 Que le moins ſeur de mon affection

31 799 584 93 Eſt aſſeuré de toutɇ infection

32 873 867 110 De faux ſemblant, danger, & changement,

31 937 657 105 Eſtant fondé ſur ſi ſain iugement,

46 1020 738 92 Que qui verra mon amy aparoistre,

32 1089 778 86 amais faſché ne le pourra cognoistre:

40 1151 759 99 Pource qu’il eſt touſiours à ſon plaiſir

37 1219 790 97 Autant content, que contient mon deſir.

38 1285 701 101 Et ſi voulez ſçauoir, ô Amoureux,

40 1358 780 96 Comment il eſt en ſes amours heureux:

40 1419 793 103 C'eſt que de moy tant bien il ſe contente,

44 1493 836 102 Qu'il n'en voudroit eſperer autrɇ atente,

48 1558 644 102 Que celle la qui ne finiſt iamais,

31 1625 708 128 Et que i'eſperɇ aſſeurer deſormais

503 1724 103 117 C ij

753 1719 167 124 Par la
