1268 1894
671 160 311 76 RITHMES.

287 235 812 94 Par la vertu en moy tant eſprouuée,

295 304 912 95 Qu'il la dira es plus haultz Cieulx trouée.

290 383 920 87 Parquoy, luy ſeur de ma fermɇ aſſeurance,

292 446 893 93 M’aſſeureray de craintɇ, & ignorance.

585 555 275 70 CHANT.

300 645 898 109 Sans cognoiſſancɇ aucunɇ en mon prin¬

402 732 335 74 temps i’eſtois:

298 786 902 102 Alors aucun ſouſpir enor' point ne ietois

301 858 873 101 Libre ſans liberté: car rien ne regretois

303 937 477 84 En ma vague penſée

301 989 904 104 De molz & vains deſirs follement diſpẽſee

311 1122 892 104 Mais Amour tout ialoux du commun bien

404 1218 259 66 des Dieux

311 1261 892 102 Se voulant rendrɇ à moy, commɇ à maint

407 1357 194 69 odieux,

311 1401 891 98 Me vint eſcarmoucher par fauly à l'arme

404 1491 188 77 d'yeux,

311 1549 502 84 Mais ie vy ſa fallace:

314 1613 884 110 Parquoy me retiray, & luy quitay la place

1091 1696 110 70 Ie vous
