1254 1915
151 148 700 69 DE D. P. DV GVILLET.

73 239 864 70 Ie vous laiſſe penſer,s'il fut alors faſché:

81 298 896 78 Car depuis en maintz lieux il s’eſt touſ¬

148 375 254 63 iours caché,

70 424 912 94 Et quand à deſcouuert m'a veuë, m’a laſché

67 510 538 62 Maintz traitz à la volée:

70 569 912 85 Mais oncq ne m'en ſentis autrement affolée.

73 671 904 93 A la fin cognoißãt, qu’il n’auoit la puißãce

65 746 915 79 De me cõtraindrɇ en riẽ luy fairẽ obeïſſãce

81 815 885 86 Taſcha le plus qu’il peut d’auour la co¬

151 880 224 83 gnoiſſance

75 949 488 78 Des Archers de Veru,

78 1011 902 96 Par qui mou cueur forcé fut ſoudain abatu.

75 1105 897 106 Mais elle ne prmiſt qu'on me fiſt autre ou¬

153 1195 124 73 trage,

71 1251 908 92 Fors ſeulemẽ bleſſer chaſtemẽt mõ courage

76 1322 901 87 Dõt Amour eſcumoit & d’enuie, & de rage

78 1389 482 85 O bien heureuſe enuie!

86 1464 886 83 Qui pour vn ſi hault bien m'a hors de moy

151 1535 141 60 rauie.

73 1594 906 126 Ne pleure plus, Amour: car à toy ſuis tenue,

627 1677 114 145 C iij

875 1680 107 163 Veu
