1268 1894
318 195 899 87 Veu que par ton moyen Vertu chaſſa la nue

312 274 903 81 Qui me garda lõg tẽps de me cognoiſtre

306 337 458 74 Et frustrée du bien,

303 405 916 90 Lequel, en le gouſtãt, i'ayme Dieu ſçait cõbiẽ

300 541 898 90 Ainſi toutɇ aueugléɇ en tes liens ie vins,

300 618 901 74 Et tu me mis es mains, ou heureuſe deuins,

300 675 912 90 D'vn qui eſt haultemẽt en ſes eſcritz diuins,

296 751 487 77 Commie Caton ſeuere,

295 819 912 88 Et chaste tellement, que chacun l'en reuere.

290 954 878 79 Si mainte dame veult ſon amytié auoir,

296 1025 908 86 Voulane partiãper de ſon beureux ſçauoir,

288 1100 918 88 Et que par tout il taſchɇ aquiter ſon deuoir,

290 1171 486 72 Ses vertuz i’en acuſe

287 1231 917 96 Plus puißãtes que luy, & tãt que ie l’excuſe.

600 1317 273 64 DIXAIN.

287 1371 867 87 Puis que de nom, & de fait trop ſeuere

284 1445 786 81 En mon endroit te puis aperceuoir,

285 1512 739 83 Ne t’eſbahis ſi point ie perſeuere

285 1579 807 116 A faire tant par art, & par ſçauoir,

603 127 308 75 RITHMES

1138 1660 65 74 Que
