1254 1915
156 175 743 51 DE D. P. DV GVILLET.

67 234 805 75 Que tu lairras d'aller les autres voir:

67 300 853 84 Non que de toy ie me vouſiſſe plaindre,

67 371 837 64 Comme voulant ta Iiberté contraindre:

71 445 817 75 Mais auis m’eſt, que ton ſaint entretien

71 507 921 77 Ne peult ſi bien en ces autres en praindre

76 572 919 85 Tes motz dorez, cõme au cueur, qui eſt tiẽ.

274 654 352 60 CHANSON.

78 708 535 73 Qui dira ma vobe fourrée

70 780 511 76 De la belle pluye dorée,

73 848 684 90 Qui Daphnes encloſɇ eſbranla:

70 922 647 84 Ie ne ſçay rien moins que celà.

71 1051 657 88 Qui dira, qu'à pluſieurs ie tens

70 1126 663 88 Pour en auoir mon paſſetemps,

68 1196 633 82 Prenant mon plaiſir ça, & là:

70 1260 636 91 Ie ne ſçay rien moins que celà.

75 1397 532 91 Qui dira, que t’ay reuelé

68 1468 647 84 Le feu long temps en moy celé

70 1536 645 88 Pour en toy voir ſi forcɇ il à:

70 1605 644 104 Ie ne ſçay rien moins que celà.

616 1701 107 150 C iiij

904 1701 103 135 Qui
