1268 1894
574 127 313 93 RITHMES

274 216 747 88 Oui dira, que d'ardeur commune,

274 296 723 79 Qui les Ieunes gents importune,

268 363 666 77 De toy ie veux, & puis holà:

266 424 676 90 Je ne ſçay rien moins que cela.

252 539 643 90 Mais qui dira, que la Vertu,

258 610 626 82 Dont tu es richement veſtu,

262 683 612 80 En ton amour m'estincella:

258 754 700 79 Ie ne ſçay rien mieux, que celà.

255 834 738 92 Mais qui dira, que d’amour ſainte

257 909 733 82 Chastement au cueur ſuis atainte,

258 980 736 83 Qui mon honneur oncq' ne foula:

251 1046 693 85 Ie ne ſçay rien mieux, que celà.

514 1114 275 77 ELEGIE.

296 1174 855 98 Combien de fois ay-iɇ en moy ſouhaité

241 1254 801 86 Me rencontrer ſur la chaleur d’esté

246 1324 843 87 Tout au plus pres de la clere fontaine,

241 1390 835 90 Ou mon deſir auecq' cil ſe pourmaine,

238 1458 703 87 Qui exercitɇ en ſa philoſophie

236 1532 806 79 Son gent eſprit, duquel tant ie me fie,

240 1598 855 97 Que ne crandrois, ſans aucune meſgnie,

1034 1696 121 55 De me
