1254 1915
137 142 709 86 DE D. P. DV GVILLET.

57 228 823 78 De me trouuer ſeulɇ en ſa compaignie:

62 295 850 89 Que dy-ie ſeulɇ? ains bien acompaignée

55 371 732 80 D’honnesteté, que Vertu a gaignée

57 435 835 86 A Apollo, Muſes, & Nymphes maintes,

59 501 915 83 Ne s’adonnants qu’à toutes œuures ſaintes:

57 569 917 86 Lá quãd i’aurois biẽ au long veu ſon cours,

60 638 813 81 Ie le lairrois fairɇ à part ſes diſcours:

57 711 744 82 Puis peu à peu de luy m’eſcarterois,

57 780 684 76 Et toute nuɇ en l’eau me ieterois:

59 842 917 93 Mais ie voudrois lors quant & quãt auoir

62 923 731 79 Mon petit Luth acordé au deuoir,

62 987 781 83 Duquel ayant cogneu, & pris le ſon,

63 1059 734 70 I’entonnerois ſur luy vne chanſon,

60 1120 918 88 Pour vn peu voir quelz gestes il tiẽdroit:

59 1195 877 78 Mais ſi vers moy il s’en venoit tout droit,

62 1262 725 83 Ie le lairrois hardiment aprocher:

63 1329 853 80 Et s’il vouloit, tant ſoit peu, me toucher,

63 1399 898 86 Luy ieterois (pour le moins) ma main pleine

63 1471 766 76 De la purɇ eau de la clere fontaine,

63 1538 833 84 Luy ietant droit aux yeux, ou à la face.

67 1607 728 108 O qu'alors euſt l'onde tellɇ efficace

835 1661 141 183 De le
