1254 1915
180 137 714 72 DE D. P. DV GVILLET.

124 229 735 75 Laiſſez l'aller, qu'Apollo ie n'irrite

124 287 722 84 Le rempliſſant de deité profonde,

127 357 817 83 Pour contre moy ſuſciter tout le monde,

124 427 807 83 Lequel vn iour par ſes eſcritz s'atend

127 496 919 83 D'estre auecq' moy & heureux, & cõtent.

263 571 775 80 AVTRE ELEGIE PAR DI¬

281 638 723 84 XAINS ET HVITAINS.

132 703 666 80 Si i’ayme cil que ie deurois hayr,

130 772 742 84 Et hay celuy que ie deurois aymer,

127 841 729 79 Lon ne s'en doit autrement eſbayr,

130 909 823 75 Et ne m'en deuſt aucun en rien blaſmer.

130 971 692 85 Car de celuy le bien doy eſtimer,

129 1042 829 83 Et ſi ne fuyt, comme ſa non ſemblable:

129 1115 850 83 Mais de ceſtuy le plaiſir trop damnable

127 1182 765 83 M'oſte le droit par la Loy maintenu,

134 1252 790 80 Voylà pourquoy ie me ſens redeuable

127 1318 711 89 A celuy là, qui m'eſt le moins tenu.

129 1452 696 87 Si deſcharger ie veux ma fantaſie

129 1517 818 99 Du mal, que i’ay, & qui me preſſe fort,

135 1591 655 116 On me dira, que c'eſt la ialouſie

891 1654 140 182 (Ie le
