1268 1894
617 143 311 76 RITHMES

247 214 897 95 (Ie le ſçay bien) qui fait ſur moy effort.

241 293 940 87 Mais qui pourroit estrɇ en propos ſi fort,

243 361 848 88 Et d’argumentz ſi viuement pourueu,

244 435 941 85 Que ce que i’ay de mes propres yeux veu,

241 497 603 85 Soit vne folɇ imaginaton,

240 563 857 93 Il fiſt à croire à mon ſens deſpourueu?

243 632 693 87 Il me feroit grand' conſolaton.

240 768 912 95 Ne vous faſchez, ſi à vous ie ne plaings,

241 842 903 90 Qui cognoiſſez raiſon mieux que celuy,

240 918 944 84 Pour qui ſouuẽt ꝑ motz de courroux pleins

240 989 912 81 Donner vous puis, en m’eſcoutant, ennuy.

235 1049 846 88 Ie ne le fais pour me plaindre de luy,

243 1119 939 86 Qu'vne autrɇ en ayɇ au vray la iouißãce:

232 1194 949 82 Mais certes i’ay grãd craintɇ, & deſplaiſãce

238 1256 941 93 Quand i'aperçoy voſtrɇ amyté deſioindre

235 1324 914 94 Prenant ſur luy eſgard, & cognoiſſance,

241 1395 935 87 Qu'il me delaiſſɇ, encor' pour vne moindre.

233 1524 922 100 Plus ne m'en chault, la cognoiſſant à l’œil,

236 1606 919 106 Comme chacun, non plus belle que bonnes:

1072 1682 102 77 Mais
