1254 1915
190 142 715 81 DE D. P. DV GVILLET.

76 231 924 83 Mais ce, qui plus m'eſt grief ſouz le Soleil,

81 304 768 75 Et qui mon amɇ eſbahit, & eſtonne,

73 368 922 91 C'eſt que par tout i’oy vn bruit, qui reſonne

75 437 870 88 De quelquɇ eclipſɇ à mon iour ſuruenu,

70 509 781 81 Mais bien à moy: car il m'a preuenu,

79 576 921 84 Teſmoing n'en veux que la perſeuerance,

71 649 673 78 Par qui il eſt tant allé, & venu,

78 713 926 81 Ou moins doutois en ma foyble aſſeurance.

83 850 824 83 Comme mon iour,il peult par tout aller

84 922 807 76 Par vne modɇ du Soleil coustumiere:

89 991 789 79 Lequel l’on void monter, & deualer,

89 1061 781 78 Tournant reuoir ſa region premiere.

89 1125 784 81 Car de ſes rayz à toutes fait lumiere,

91 1193 797 82 Veu qu'elles ont d’ignorance ta nuict:

87 1265 802 80 Mais il y eſt, comme au feu la fumiere,

91 1316 873 101 Plus ellɇ eſt noirɇ, & plus fort il reluict.

89 1464 826 95 Mon iour eſtoit aßis tout aupres d'vne,

91 1541 726 78 L'entretenant à l’ayſe, & à repos,

94 1611 783 94 D'affection non autre que commune:

880 1682 131 154 Mais
