<?xml version="1.0" encoding="UTF-8"?>
<alto xmlns:xsi="http://www.w3.org/2001/XMLSchema-instance"
      xmlns="http://www.loc.gov/standards/alto/ns-v4#"
      xsi:schemaLocation="http://www.loc.gov/standards/alto/ns-v4# http://www.loc.gov/standards/alto/v4/alto-4-2.xsd">
  <Description>
    <MeasurementUnit>pixel</MeasurementUnit>
    <sourceImageInformation>
      <fileName>54.jpg</fileName>
      
    </sourceImageInformation>
  </Description>
  
  <Tags>
    <OtherTag ID="BT1703" LABEL="TitlePageZone" DESCRIPTION="block type TitlePageZone"/><OtherTag ID="BT1695" LABEL="DropCapitalZone" DESCRIPTION="block type DropCapitalZone"/><OtherTag ID="BT1702" LABEL="StampZone" DESCRIPTION="block type StampZone"/><OtherTag ID="BT1701" LABEL="RunningTitleZone" DESCRIPTION="block type RunningTitleZone"/><OtherTag ID="BT1700" LABEL="QuireMarksZone" DESCRIPTION="block type QuireMarksZone"/><OtherTag ID="BT1699" LABEL="NumberingZone" DESCRIPTION="block type NumberingZone"/><OtherTag ID="BT1698" LABEL="MarginTextZone" DESCRIPTION="block type MarginTextZone"/><OtherTag ID="BT1697" LABEL="MainZone" DESCRIPTION="block type MainZone"/><OtherTag ID="BT1696" LABEL="GraphicZone" DESCRIPTION="block type GraphicZone"/>
    <OtherTag ID="LT570" LABEL="HeadingLine" DESCRIPTION="line type HeadingLine"/><OtherTag ID="LT569" LABEL="DropCapitalLine" DESCRIPTION="line type DropCapitalLine"/><OtherTag ID="LT568" LABEL="DefaultLine" DESCRIPTION="line type DefaultLine"/>
  </Tags>
  
  <Layout>
    <Page WIDTH="1268"
          HEIGHT="1894"
          PHYSICAL_IMG_NR="53"
          ID="eSc_dummypage_">
      <PrintSpace HPOS="0"
                  VPOS="0"
                  WIDTH="1268"
                  HEIGHT="1894">
        
        <TextBlock HPOS="210"
                   VPOS="212"
                   WIDTH="985"
                   HEIGHT="1464"
                   ID="eSc_textblock_7ab8087a"
                   TAGREFS="BT1697">
          <Shape><Polygon POINTS="244 212 210 1665 877 1676 1134 1669 1150 1473 922 1309 962 814 1187 645 1195 231"/></Shape>
          
          
          <TextLine ID="eSc_line_13a520ee"
                    TAGREFS="LT568"
                    BASELINE="247 263 1186 280" 
                    HPOS="244"
                    VPOS="206"
                    WIDTH="941"
                    HEIGHT="89">
            <Shape><Polygon POINTS="246 262 244 217 323 206 323 206 325 206 325 206 325 206 326 206 355 216 372 208 372 208 372 208 374 208 374 208 375 208 375 208 375 208 377 208 377 208 377 208 378 208 378 208 378 209 388 217 390 219 407 217 500 209 500 209 502 209 502 209 557 219 587 224 601 219 618 213 618 213 620 213 620 213 622 213 622 213 623 213 649 219 674 225 699 219 724 214 724 214 724 214 726 214 825 219 825 219 825 219 827 219 827 219 829 219 830 220 846 230 953 230 974 222 980 219 980 219 982 219 982 219 982 219 983 219 983 219 985 219 994 222 1026 232 1051 222 1051 222 1051 222 1053 222 1053 222 1053 222 1054 222 1054 222 1057 222 1111 232 1125 222 1125 222 1127 222 1127 222 1127 222 1129 222 1129 222 1130 222 1185 224 1185 279 1182 295 909 282 882 288 881 288 881 288 879 288 879 288 879 288 830 279 773 287 773 287 772 287 772 287 672 276 633 285 631 285 630 285 630 285 628 285 628 285 620 285 492 273 244 277"/></Shape>
	    <String CONTENT="Mais commɇ on vient d’vn à autre propos,"
                    HPOS="244"
                    VPOS="206"
                    WIDTH="941"
                    HEIGHT="89"></String>
          </TextLine>

          
          
          <TextLine ID="eSc_line_eda84971"
                    TAGREFS="LT568"
                    BASELINE="252 333 1107 348" 
                    HPOS="244"
                    VPOS="274"
                    WIDTH="862"
                    HEIGHT="90">
            <Shape><Polygon POINTS="251 331 251 274 337 287 446 279 483 276 484 276 484 276 484 276 486 276 497 279 527 290 570 280 590 277 590 277 590 277 592 277 641 279 641 279 641 279 642 279 642 279 642 279 644 279 644 279 649 284 660 291 702 284 727 280 727 280 729 280 729 280 729 280 731 280 731 280 742 285 765 295 811 287 843 282 843 282 844 282 844 282 844 282 846 282 846 282 846 282 857 288 865 291 901 288 919 288 920 288 920 288 920 288 922 288 922 288 922 288 923 288 925 290 936 298 967 290 994 285 994 285 994 285 996 285 996 285 1035 291 1067 298 1105 295 1106 347 1102 364 1076 356 1007 361 983 363 982 363 982 363 982 363 980 363 969 359 931 350 907 358 903 359 903 359 901 359 901 359 901 361 780 361 778 359 778 359 776 359 754 353 739 347 637 345 633 348 628 353 628 353 626 353 626 353 626 353 625 353 625 353 623 353 623 353 623 353 622 353 603 348 595 345 590 347 573 355 573 355 571 355 571 355 571 355 570 355 570 355 570 355 568 355 568 355 566 355 566 355 555 347 552 344 547 345 535 351 535 351 533 351 533 351 533 351 532 351 532 351 530 351 530 351 513 345 505 340 401 340 397 340 352 351 352 351 352 351 350 351 350 351 350 351 290 339 268 347 268 347 266 347 266 347 266 347 265 347 265 347 263 347 263 347 263 347 262 347 244 336"/></Shape>
	    <String CONTENT="Voicy Amour ſur eulx gay, &amp; diſpos,"
                    HPOS="244"
                    VPOS="274"
                    WIDTH="862"
                    HEIGHT="90"></String>
          </TextLine>

          
          
          <TextLine ID="eSc_line_5497b3f3"
                    TAGREFS="LT568"
                    BASELINE="240 404 457 402 1158 421" 
                    HPOS="235"
                    VPOS="342"
                    WIDTH="922"
                    HEIGHT="92">
            <Shape><Polygon POINTS="238 402 235 350 290 342 290 342 292 342 292 342 293 342 293 342 293 342 311 350 317 353 325 350 347 344 348 344 348 344 348 344 350 344 350 344 352 344 352 344 371 351 375 353 380 351 397 344 397 344 399 344 399 344 399 344 401 344 401 344 462 353 500 358 557 355 623 350 625 350 625 350 625 350 626 350 626 350 626 350 628 350 628 350 628 351 633 355 639 361 660 356 691 348 691 348 691 348 693 348 693 348 693 348 694 348 721 356 723 356 723 356 759 350 759 350 761 350 761 350 761 350 762 350 762 350 762 350 764 350 773 358 784 366 806 366 814 358 822 351 822 351 824 351 824 351 824 351 825 351 825 351 827 351 876 353 876 353 876 353 877 353 877 353 879 353 889 359 903 367 923 359 930 358 930 358 931 358 931 358 933 358 993 358 993 358 993 358 994 358 994 358 994 358 996 358 996 358 996 359 999 361 1005 367 1023 361 1034 358 1035 358 1035 358 1035 358 1037 358 1037 358 1037 358 1039 358 1039 358 1048 361 1067 370 1089 363 1099 359 1100 359 1100 359 1100 359 1102 359 1157 364 1157 419 1152 434 1130 426 1114 434 1113 434 1113 434 1113 434 1111 434 1111 434 1110 434 994 430 994 430 994 430 993 430 991 430 956 421 791 426 776 426 775 426 775 426 773 426 773 426 773 426 772 426 772 426 772 426 759 416 587 421 579 421 577 421 577 421 576 421 576 421 541 411 528 419 527 419 527 419 527 419 525 419 525 419 525 419 524 419 524 419 524 419 416 408 386 416 385 416 385 416 385 416 383 416 383 416 383 416 277 407 236 413"/></Shape>
	    <String CONTENT="Portant vn arc, &amp;n traitz à la Gregeoyſe,"
                    HPOS="235"
                    VPOS="342"
                    WIDTH="922"
                    HEIGHT="92"></String>
          </TextLine>

          
          
          <TextLine ID="eSc_line_6d69bf91"
                    TAGREFS="LT568"
                    BASELINE="238 471 503 471 1176 489" 
                    HPOS="235"
                    VPOS="408"
                    WIDTH="946"
                    HEIGHT="97">
            <Shape><Polygon POINTS="236 470 236 418 371 422 378 418 393 408 394 408 396 408 397 408 532 411 533 411 551 419 568 427 590 419 606 415 607 415 609 415 611 415 612 415 612 416 618 421 625 426 650 421 667 418 669 418 671 418 677 421 697 430 773 424 775 424 821 434 860 422 871 419 873 419 874 419 876 419 882 422 895 430 906 422 907 422 909 422 911 422 915 422 971 435 1023 427 1024 427 1073 438 1173 426 1181 488 1170 505 1144 497 1111 503 1105 505 1103 505 1102 505 1100 505 1100 503 1084 492 1062 503 1061 503 1059 503 1057 503 1048 503 944 489 825 495 824 495 822 495 821 495 821 494 813 487 799 495 797 495 795 495 794 495 792 495 748 484 235 484"/></Shape>
	    <String CONTENT="Lequel laſcha deux motz à la Bourgeoyſe,"
                    HPOS="235"
                    VPOS="408"
                    WIDTH="946"
                    HEIGHT="97"></String>
          </TextLine>

          
          
          <TextLine ID="eSc_line_228de0f2"
                    TAGREFS="LT568"
                    BASELINE="238 538 914 547" 
                    HPOS="235"
                    VPOS="481"
                    WIDTH="679"
                    HEIGHT="79">
            <Shape><Polygon POINTS="238 538 236 487 282 481 282 481 284 481 284 481 285 481 285 481 285 481 287 481 287 481 293 487 301 494 462 495 494 489 541 481 541 481 543 481 543 481 543 481 544 481 544 481 544 481 546 481 546 482 555 490 557 492 562 490 581 484 582 484 582 484 582 484 584 484 584 484 584 484 585 484 585 484 587 484 587 484 587 486 593 490 600 497 611 490 630 482 630 482 630 482 631 482 631 482 633 482 770 484 770 484 770 484 772 484 772 484 794 494 811 500 912 495 914 547 912 552 859 560 859 560 857 560 235 547"/></Shape>
	    <String CONTENT="Et au partir luy dit, callimera:"
                    HPOS="235"
                    VPOS="481"
                    WIDTH="679"
                    HEIGHT="79"></String>
          </TextLine>

          
          
          <TextLine ID="eSc_line_24241fdb"
                    TAGREFS="LT568"
                    BASELINE="233 606 903 617 1173 628" 
                    HPOS="230"
                    VPOS="541"
                    WIDTH="943"
                    HEIGHT="102">
            <Shape><Polygon POINTS="233 606 233 553 276 553 290 541 290 541 292 541 292 541 292 541 293 541 293 541 295 541 295 541 295 541 296 541 296 541 298 541 318 553 318 553 322 553 443 541 445 541 445 541 588 557 620 560 649 558 756 547 757 547 819 549 819 549 819 549 821 549 821 549 821 549 822 549 822 549 835 560 836 561 840 560 851 555 851 555 852 555 852 555 852 555 854 555 854 555 855 555 855 555 855 555 865 560 874 565 884 560 909 550 909 550 911 550 911 550 912 550 934 550 934 550 934 550 936 550 936 550 936 550 937 550 937 550 950 561 958 566 988 561 1045 553 1045 553 1046 553 1094 553 1094 553 1094 553 1095 553 1095 553 1095 553 1097 553 1097 553 1097 555 1106 563 1114 569 1171 565 1173 628 1170 643 1032 640 1032 640 1032 640 1031 640 1029 640 997 629 960 637 945 640 945 640 945 640 944 640 944 640 942 640 942 640 942 640 941 640 941 640 941 639 941 639 939 637 930 628 903 636 893 639 892 639 892 639 892 639 890 639 890 639 889 639 889 639 879 636 851 626 789 632 786 632 786 632 784 632 784 632 780 632 732 625 716 631 710 632 710 632 709 632 709 632 707 632 707 632 707 632 705 632 697 629 675 623 612 628 579 629 577 629 577 629 577 629 576 629 563 626 546 621 516 625 461 631 461 631 459 631 421 629 421 629 421 629 420 629 420 629 418 629 418 629 408 621 404 618 388 620 339 628 339 628 337 628 337 628 337 628 336 628 336 628 334 628 334 628 323 618 322 617 230 615"/></Shape>
	    <String CONTENT="Lors ſouſpeçõ en mõ cueur miſt grãd noyſe"
                    HPOS="230"
                    VPOS="541"
                    WIDTH="943"
                    HEIGHT="102"></String>
          </TextLine>

          
          
          <TextLine ID="eSc_line_2a70402e"
                    TAGREFS="LT568"
                    BASELINE="230 675 1095 691" 
                    HPOS="227"
                    VPOS="621"
                    WIDTH="870"
                    HEIGHT="87">
            <Shape><Polygon POINTS="230 675 230 628 446 632 453 631 480 621 480 621 481 621 481 621 483 621 555 621 555 621 639 629 729 625 731 625 731 625 731 625 732 625 732 625 732 625 734 625 734 625 734 626 745 636 748 640 799 640 805 637 827 626 827 626 829 626 829 626 829 626 830 626 907 631 907 631 909 631 909 631 909 631 911 631 911 631 911 632 917 639 922 642 963 639 1020 636 1021 636 1021 636 1021 636 1023 636 1042 640 1053 643 1057 640 1069 634 1070 634 1070 634 1072 634 1072 634 1072 634 1073 634 1073 634 1073 634 1075 634 1097 642 1095 691 1091 708 1069 700 1051 708 1048 708 1048 708 1046 708 1046 708 1046 708 1045 708 1001 707 835 696 792 700 759 703 759 703 757 703 699 697 653 692 625 696 577 700 577 700 576 700 576 700 574 700 574 700 574 700 560 694 555 691 549 692 530 699 528 699 528 699 527 699 405 697 405 697 405 697 404 697 404 697 404 697 402 697 390 688 388 688 380 688 323 696 323 696 322 696 322 696 227 683"/></Shape>
	    <String CONTENT="Doutant qu’il diſt d’elle, qu’il l’aymera."
                    HPOS="227"
                    VPOS="621"
                    WIDTH="870"
                    HEIGHT="87"></String>
          </TextLine>

          
          
          <TextLine ID="eSc_line_2fb07507"
                    TAGREFS="LT568"
                    BASELINE="225 812 922 828" 
                    HPOS="219"
                    VPOS="743"
                    WIDTH="704"
                    HEIGHT="101">
            <Shape><Polygon POINTS="225 812 224 757 306 751 307 751 307 751 442 760 500 743 502 743 502 743 503 743 503 743 577 751 634 744 634 744 636 744 636 744 637 744 672 754 868 751 870 751 870 751 871 751 871 751 923 773 922 828 917 844 876 833 806 841 786 842 786 842 784 842 784 842 783 842 783 842 783 842 781 842 781 842 778 839 767 831 750 838 750 838 748 838 748 838 746 838 746 838 746 838 702 828 664 836 652 838 652 838 652 838 650 838 650 838 649 838 649 838 649 838 642 834 628 828 562 833 505 836 503 836 503 836 503 836 502 836 502 836 487 830 475 823 374 823 369 827 358 831 358 831 358 831 356 831 356 831 355 831 355 831 355 831 353 831 353 831 353 831 342 825 333 820 312 823 296 827 296 827 296 827 295 827 295 827 293 827 293 827 282 823 270 819 258 822 233 830 232 830 232 830 232 830 230 830 230 830 228 830 228 830 228 830 227 830 227 830 227 828 219 820"/></Shape>
	    <String CONTENT="Ie le deuois prendrɇ à augure,"
                    HPOS="219"
                    VPOS="743"
                    WIDTH="704"
                    HEIGHT="101"></String>
          </TextLine>

          
          
          <TextLine ID="eSc_line_a36b9169"
                    TAGREFS="LT568"
                    BASELINE="233 883 849 893 901 899" 
                    HPOS="228"
                    VPOS="823"
                    WIDTH="673"
                    HEIGHT="89">
            <Shape><Polygon POINTS="233 883 228 839 249 827 251 827 251 827 251 827 252 827 252 827 254 827 254 827 254 827 255 827 255 827 257 827 257 827 273 839 369 839 401 823 401 823 401 823 402 823 402 823 404 823 404 823 404 823 405 823 405 823 405 823 407 823 431 841 431 841 435 841 476 834 476 834 478 834 478 834 519 841 528 842 530 841 546 828 546 827 546 827 547 827 547 827 549 827 549 827 549 827 551 827 551 827 552 827 585 834 604 827 604 827 606 827 606 827 606 827 607 827 607 827 607 827 669 841 702 828 702 828 704 828 704 828 705 828 761 830 761 830 761 830 762 830 762 830 792 842 805 847 816 842 825 839 825 839 827 839 827 839 827 839 829 839 901 844 901 899 898 912 789 901 723 909 707 910 707 910 705 910 705 910 704 910 704 910 704 910 702 910 702 910 702 909 701 909 691 899 630 907 611 909 611 909 609 909 609 909 607 909 607 909 607 909 603 905 584 896 492 896 484 904 483 904 483 905 483 905 481 905 481 905 481 905 480 905 480 905 478 905 478 905 478 905 467 904 434 894 378 894 369 901 367 904 367 904 367 904 366 904 366 904 364 904 364 904 364 904 363 904 230 898"/></Shape>
	    <String CONTENT="Que plus qu&#39;elle il m’eſtmera,"
                    HPOS="228"
                    VPOS="823"
                    WIDTH="673"
                    HEIGHT="89"></String>
          </TextLine>

          
          
          <TextLine ID="eSc_line_6395ca27"
                    TAGREFS="LT568"
                    BASELINE="224 951 865 965" 
                    HPOS="221"
                    VPOS="896"
                    WIDTH="644"
                    HEIGHT="77">
            <Shape><Polygon POINTS="224 951 224 896 295 907 372 907 382 901 385 898 385 898 386 898 386 898 388 898 388 898 388 898 390 898 390 898 416 901 461 909 468 902 473 899 473 898 475 898 475 898 475 898 476 898 476 898 478 898 506 898 506 898 506 898 508 898 538 905 558 910 581 907 617 901 617 901 618 901 618 901 618 901 620 901 620 901 641 909 655 913 667 910 691 902 693 902 693 902 694 902 694 902 694 902 696 902 696 902 716 912 726 917 865 917 865 965 862 973 221 959"/></Shape>
	    <String CONTENT="Et pour ma bonnɇ auanture,"
                    HPOS="221"
                    VPOS="896"
                    WIDTH="644"
                    HEIGHT="77"></String>
          </TextLine>

          
          
          <TextLine ID="eSc_line_1c846ed4"
                    TAGREFS="LT568"
                    BASELINE="222 1019 847 1032" 
                    HPOS="221"
                    VPOS="958"
                    WIDTH="630"
                    HEIGHT="85">
            <Shape><Polygon POINTS="222 1019 222 965 304 970 312 967 331 958 331 958 331 958 333 958 333 958 334 958 334 958 334 958 336 958 371 967 386 972 404 969 454 958 454 958 454 958 456 958 570 961 570 961 570 961 571 961 571 961 601 972 614 976 637 973 693 964 693 964 694 964 694 964 694 964 745 975 770 981 816 981 822 976 832 969 832 969 833 969 833 969 835 969 835 969 835 969 836 969 836 969 836 969 838 969 838 969 840 969 840 969 851 976 847 1032 846 1035 704 1043 702 1043 702 1043 702 1043 701 1043 701 1043 701 1043 699 1043 688 1035 639 1041 639 1041 637 1041 637 1041 577 1032 538 1041 536 1041 536 1041 535 1041 535 1041 535 1041 533 1041 533 1041 533 1041 532 1041 516 1030 514 1030 513 1030 408 1038 407 1038 407 1038 407 1038 405 1038 405 1038 377 1027 374 1027 369 1027 301 1036 301 1036 300 1036 300 1036 221 1024"/></Shape>
	    <String CONTENT="Meſmes qu&#39;il eſt mon imera:"
                    HPOS="221"
                    VPOS="958"
                    WIDTH="630"
                    HEIGHT="85"></String>
          </TextLine>

          
          
          <TextLine ID="eSc_line_57bdb586"
                    TAGREFS="LT568"
                    BASELINE="224 1085 892 1104" 
                    HPOS="221"
                    VPOS="1027"
                    WIDTH="674"
                    HEIGHT="85">
            <Shape><Polygon POINTS="224 1085 221 1036 254 1027 255 1027 255 1027 257 1027 257 1027 257 1027 258 1027 258 1027 281 1036 284 1038 303 1038 407 1032 408 1032 408 1032 408 1032 410 1032 410 1032 410 1032 412 1032 412 1032 412 1033 420 1040 420 1040 420 1040 503 1029 503 1029 505 1029 505 1029 505 1029 506 1029 506 1029 506 1029 508 1029 508 1029 524 1043 527 1044 541 1043 614 1032 614 1032 615 1032 615 1032 615 1032 675 1044 756 1036 756 1036 757 1036 757 1036 759 1036 759 1036 759 1036 761 1036 776 1048 784 1052 817 1048 877 1040 877 1040 879 1040 879 1040 879 1040 881 1040 881 1040 882 1040 882 1040 895 1049 892 1104 889 1112 221 1096"/></Shape>
	    <String CONTENT="Comme diſant qu’il m’aymera,"
                    HPOS="221"
                    VPOS="1027"
                    WIDTH="674"
                    HEIGHT="85"></String>
          </TextLine>

          
          
          <TextLine ID="eSc_line_6119fc9d"
                    TAGREFS="LT568"
                    BASELINE="219 1155 871 1172" 
                    HPOS="214"
                    VPOS="1095"
                    WIDTH="657"
                    HEIGHT="87">
            <Shape><Polygon POINTS="219 1155 214 1112 233 1100 235 1100 235 1100 235 1100 236 1100 236 1100 238 1100 238 1100 238 1100 240 1100 277 1112 285 1114 296 1112 323 1107 323 1107 325 1107 325 1107 371 1112 427 1117 438 1111 450 1103 451 1103 451 1103 451 1103 453 1103 453 1103 514 1095 514 1095 516 1095 516 1095 516 1095 517 1095 517 1095 517 1095 546 1111 560 1119 588 1111 631 1098 633 1098 633 1098 634 1098 716 1101 716 1101 716 1101 718 1101 718 1101 718 1101 720 1101 720 1101 729 1109 737 1115 772 1109 786 1107 786 1107 787 1107 787 1107 787 1107 789 1107 789 1107 789 1107 792 1109 822 1125 868 1109 871 1172 868 1180 726 1172 683 1177 652 1182 652 1182 650 1182 650 1182 650 1182 628 1177 596 1169 581 1175 574 1179 574 1179 573 1179 573 1179 573 1179 571 1179 571 1179 571 1179 570 1179 570 1179 563 1175 544 1167 492 1174 480 1175 480 1175 478 1175 478 1175 476 1175 470 1174 434 1164 307 1171 279 1172 277 1172 277 1172 276 1172 276 1172 276 1172 274 1172 274 1172 273 1171 260 1161 217 1169"/></Shape>
	    <String CONTENT="Et que le verray enflammer,"
                    HPOS="214"
                    VPOS="1095"
                    WIDTH="657"
                    HEIGHT="87"></String>
          </TextLine>

          
          
          <TextLine ID="eSc_line_fff15b29"
                    TAGREFS="LT568"
                    BASELINE="216 1223 843 1235" 
                    HPOS="211"
                    VPOS="1161"
                    WIDTH="632"
                    HEIGHT="90">
            <Shape><Polygon POINTS="216 1223 213 1180 276 1161 277 1161 277 1161 279 1161 279 1161 279 1161 281 1161 281 1161 281 1161 282 1161 282 1161 303 1179 304 1180 306 1179 323 1171 323 1171 323 1171 325 1171 325 1171 326 1171 326 1171 326 1171 328 1171 356 1179 369 1182 383 1179 420 1167 421 1167 421 1167 421 1167 423 1167 423 1167 424 1167 461 1177 467 1179 468 1177 484 1166 486 1166 486 1166 486 1166 487 1166 487 1166 489 1166 525 1166 525 1166 525 1166 527 1166 566 1175 584 1180 588 1175 600 1167 600 1167 601 1167 601 1167 601 1167 603 1167 603 1167 604 1167 604 1167 637 1171 637 1171 639 1171 639 1171 639 1171 641 1171 641 1172 645 1175 655 1185 696 1188 740 1177 742 1177 742 1177 743 1177 743 1177 743 1177 745 1177 792 1190 840 1174 843 1235 841 1243 775 1251 775 1251 773 1251 637 1242 611 1251 611 1251 609 1251 609 1251 607 1251 607 1251 607 1251 606 1251 568 1240 532 1250 530 1250 530 1250 530 1250 528 1250 528 1250 450 1237 401 1246 401 1246 401 1246 399 1246 399 1246 337 1237 303 1245 301 1245 301 1245 300 1245 300 1245 300 1245 298 1245 265 1234 240 1242 238 1242 238 1242 238 1242 236 1242 236 1242 236 1242 235 1242 235 1242 211 1231"/></Shape>
	    <String CONTENT="Ainſi que cil, qui premier a"
                    HPOS="211"
                    VPOS="1161"
                    WIDTH="632"
                    HEIGHT="90"></String>
          </TextLine>

          
          
          <TextLine ID="eSc_line_65e62178"
                    TAGREFS="LT568"
                    BASELINE="213 1294 906 1306" 
                    HPOS="208"
                    VPOS="1232"
                    WIDTH="698"
                    HEIGHT="85">
            <Shape><Polygon POINTS="213 1294 208 1245 228 1232 230 1232 230 1232 230 1232 232 1232 232 1232 233 1232 233 1232 233 1232 298 1246 386 1246 402 1235 402 1235 404 1235 404 1235 404 1235 405 1235 405 1235 407 1235 407 1235 525 1248 555 1238 557 1238 557 1238 557 1238 558 1238 558 1238 560 1238 560 1238 560 1238 562 1238 562 1238 576 1250 727 1240 729 1240 729 1240 729 1240 731 1240 731 1240 731 1240 732 1240 732 1240 732 1242 745 1253 835 1243 835 1243 836 1243 836 1243 906 1257 906 1306 904 1317 585 1317 584 1316 584 1316 582 1316 582 1316 582 1316 568 1308 566 1308 560 1308 491 1314 491 1314 489 1314 489 1314 487 1314 487 1314 487 1314 486 1314 486 1314 476 1306 476 1306 476 1306 401 1311 399 1311 399 1311 397 1311 364 1303 363 1303 361 1303 306 1310 306 1310 304 1310 304 1310 303 1310 303 1310 303 1310 301 1310 301 1310 301 1308 300 1308 295 1302 249 1310 249 1310 249 1310 247 1310 247 1310 246 1310 208 1298"/></Shape>
	    <String CONTENT="Mon cueur enflammé à aymer."
                    HPOS="208"
                    VPOS="1232"
                    WIDTH="698"
                    HEIGHT="85"></String>
          </TextLine>

          
          
          <TextLine ID="eSc_line_0464ff68"
                    TAGREFS="LT568"
                    BASELINE="213 1433 588 1437 1100 1455" 
                    HPOS="211"
                    VPOS="1365"
                    WIDTH="889"
                    HEIGHT="102">
            <Shape><Polygon POINTS="213 1433 211 1376 254 1366 254 1366 254 1366 255 1366 255 1366 255 1366 257 1366 257 1366 258 1366 273 1376 274 1376 276 1376 306 1368 307 1368 307 1368 309 1368 309 1368 309 1368 311 1368 311 1368 311 1368 312 1368 323 1376 326 1379 498 1381 505 1377 521 1365 521 1365 522 1365 522 1365 524 1365 524 1365 524 1365 525 1365 525 1365 525 1365 582 1377 620 1385 652 1377 682 1369 683 1369 683 1369 685 1369 685 1369 685 1369 686 1369 686 1369 688 1369 688 1369 699 1377 702 1381 704 1377 715 1369 715 1369 716 1369 716 1369 718 1369 718 1369 718 1369 720 1369 720 1369 721 1369 753 1377 765 1381 787 1377 835 1373 835 1373 836 1373 836 1373 870 1379 896 1384 904 1379 911 1374 912 1374 912 1374 912 1374 914 1374 914 1374 915 1374 1100 1381 1100 1455 1097 1467 1034 1458 990 1466 983 1466 983 1466 983 1467 982 1466 982 1466 974 1466 907 1453 866 1459 866 1459 865 1459 865 1459 865 1459 863 1459 863 1459 863 1459 862 1459 862 1459 862 1458 860 1458 855 1452 830 1461 830 1461 829 1461 829 1461 829 1461 827 1461 819 1461 611 1445 517 1452 516 1452 516 1452 516 1452 443 1441 211 1445"/></Shape>
	    <String CONTENT="C&#39;eſt vnɇ ardeur d&#39;autant plus violente,"
                    HPOS="211"
                    VPOS="1365"
                    WIDTH="889"
                    HEIGHT="102"></String>
          </TextLine>

          
          
          <TextLine ID="eSc_line_d1ca7132"
                    TAGREFS="LT568"
                    BASELINE="216 1505 472 1504 1143 1519" 
                    HPOS="213"
                    VPOS="1439"
                    WIDTH="930"
                    HEIGHT="91">
            <Shape><Polygon POINTS="216 1505 214 1453 328 1453 330 1453 341 1444 341 1444 342 1444 342 1444 342 1444 344 1444 344 1444 345 1444 345 1444 345 1444 385 1452 424 1439 426 1439 426 1439 426 1439 427 1439 427 1439 427 1439 487 1453 491 1453 494 1453 581 1444 581 1444 582 1444 582 1444 584 1444 584 1444 584 1444 585 1444 601 1453 611 1459 641 1453 685 1445 685 1445 685 1445 686 1445 686 1445 688 1445 721 1455 750 1463 759 1455 765 1448 765 1447 765 1447 767 1447 767 1447 767 1447 769 1447 769 1447 769 1447 770 1447 770 1447 772 1447 772 1447 772 1447 787 1455 805 1463 825 1455 841 1448 841 1448 843 1448 843 1448 844 1448 915 1450 915 1450 915 1450 917 1450 917 1450 919 1450 919 1450 919 1452 923 1455 936 1466 977 1456 977 1456 977 1456 979 1456 979 1456 980 1456 980 1456 980 1456 982 1456 982 1456 982 1458 990 1464 1053 1461 1054 1461 1054 1461 1054 1461 1056 1461 1056 1461 1056 1461 1072 1469 1141 1456 1143 1519 1140 1530 213 1513"/></Shape>
	    <String CONTENT="Qu&#39;elle ne peult par mort, ny tmps perir:"
                    HPOS="213"
                    VPOS="1439"
                    WIDTH="930"
                    HEIGHT="91"></String>
          </TextLine>

          
          
          <TextLine ID="eSc_line_a1780ad1"
                    TAGREFS="LT568"
                    BASELINE="213 1568 993 1583" 
                    HPOS="210"
                    VPOS="1513"
                    WIDTH="783"
                    HEIGHT="82">
            <Shape><Polygon POINTS="213 1568 211 1524 243 1516 243 1516 243 1516 244 1516 244 1516 292 1524 306 1526 311 1524 336 1513 336 1513 337 1513 337 1513 337 1513 339 1513 339 1513 341 1513 341 1513 341 1513 342 1513 342 1513 342 1515 353 1524 355 1527 386 1527 404 1524 442 1516 442 1516 442 1516 443 1516 443 1516 445 1516 445 1516 445 1516 446 1516 459 1524 462 1526 491 1524 614 1518 615 1518 615 1518 615 1518 617 1518 617 1518 617 1518 631 1526 637 1529 731 1534 756 1526 770 1521 772 1521 772 1521 772 1521 773 1521 773 1521 808 1526 840 1530 852 1526 862 1523 862 1523 863 1523 863 1523 865 1523 865 1523 865 1523 882 1526 907 1532 919 1526 923 1524 923 1524 923 1524 925 1524 925 1524 925 1524 926 1524 926 1524 928 1524 928 1524 928 1524 933 1526 945 1532 990 1527 993 1583 990 1595 210 1583"/></Shape>
	    <String CONTENT="Car la vertut eſt d’vnɇ action lente,"
                    HPOS="210"
                    VPOS="1513"
                    WIDTH="783"
                    HEIGHT="82"></String>
          </TextLine>

          
          
          <TextLine ID="eSc_line_88281f44"
                    TAGREFS="LT568"
                    BASELINE="221 1644 1116 1657" 
                    HPOS="216"
                    VPOS="1579"
                    WIDTH="900"
                    HEIGHT="119">
            <Shape><Polygon POINTS="219 1643 216 1592 238 1583 238 1583 240 1583 240 1583 241 1583 241 1583 241 1583 243 1583 274 1592 277 1594 281 1592 311 1579 311 1579 312 1579 312 1579 312 1579 314 1579 314 1579 314 1579 315 1579 315 1579 317 1579 341 1594 344 1595 345 1594 367 1583 367 1583 367 1583 369 1583 369 1583 369 1583 371 1583 371 1583 372 1583 372 1583 402 1594 434 1581 434 1581 435 1581 435 1581 435 1581 437 1581 437 1581 437 1581 498 1595 528 1584 528 1584 530 1584 530 1584 532 1584 532 1584 532 1584 603 1598 607 1598 611 1598 647 1584 647 1584 649 1584 649 1584 650 1584 650 1584 650 1584 652 1584 652 1584 652 1584 653 1584 674 1598 675 1600 679 1598 715 1589 716 1589 716 1589 718 1589 718 1589 718 1589 781 1600 789 1602 803 1602 903 1594 904 1594 904 1594 904 1594 906 1594 906 1594 906 1594 907 1594 907 1594 907 1595 917 1603 917 1605 963 1605 963 1603 1001 1589 1001 1589 1002 1589 1002 1589 1004 1589 1080 1590 1080 1590 1080 1590 1081 1590 1081 1590 1116 1606 1114 1655 1113 1673 1001 1673 988 1674 942 1685 942 1685 942 1685 941 1685 941 1685 939 1685 939 1685 939 1685 937 1685 937 1685 928 1676 923 1673 907 1677 895 1680 893 1680 893 1680 893 1680 892 1680 892 1680 890 1680 890 1680 890 1680 889 1680 889 1680 889 1679 887 1679 887 1677 881 1671 868 1677 852 1685 852 1685 852 1685 851 1685 851 1685 849 1685 849 1685 849 1685 847 1685 847 1685 832 1679 805 1668 727 1676 727 1676 726 1676 726 1676 724 1676 724 1676 724 1676 723 1676 707 1666 641 1666 574 1679 574 1679 574 1679 573 1679 573 1679 571 1679 571 1679 571 1679 570 1679 570 1679 554 1666 536 1682 536 1684 536 1684 535 1684 535 1684 535 1684 533 1684 533 1684 533 1684 532 1684 505 1684 498 1687 478 1698 478 1698 478 1698 476 1698 476 1698 476 1698 475 1698 475 1698 473 1698 438 1688 432 1687 429 1688 418 1696 416 1696 416 1696 416 1696 415 1696 415 1696 413 1696 216 1693"/></Shape>
	    <String CONTENT="Qui tant plus va, plus vient à ſe nourrir."
                    HPOS="216"
                    VPOS="1579"
                    WIDTH="900"
                    HEIGHT="119"></String>
          </TextLine>

          
        </TextBlock>
        
        <TextBlock HPOS="476"
                   VPOS="149"
                   WIDTH="323"
                   HEIGHT="50"
                   ID="eSc_textblock_150fad6e"
                   TAGREFS="BT1701">
          <Shape><Polygon POINTS="476 149 480 190 799 199 799 156"/></Shape>
          
          
          <TextLine ID="eSc_line_4fef7ade"
                    TAGREFS="LT570"
                    BASELINE="486 186 789 192" 
                    HPOS="483"
                    VPOS="108"
                    WIDTH="306"
                    HEIGHT="95">
            <Shape><Polygon POINTS="486 186 486 108 555 118 579 116 623 112 625 112 626 112 655 123 680 134 789 135 789 192 786 203 483 192"/></Shape>
	    <String CONTENT="RITHMES"
                    HPOS="483"
                    VPOS="108"
                    WIDTH="306"
                    HEIGHT="95"></String>
          </TextLine>

          
        </TextBlock>
        
        <TextBlock HPOS="1045"
                   VPOS="1684"
                   WIDTH="115"
                   HEIGHT="57"
                   ID="eSc_textblock_6a92e5bc"
                   TAGREFS="BT1700">
          <Shape><Polygon POINTS="1045 1684 1045 1741 1160 1741 1160 1684"/></Shape>
          
          
          <TextLine ID="eSc_line_1a97d06f"
                    TAGREFS="LT568"
                    BASELINE="1051 1729 1155 1725" 
                    HPOS="1045"
                    VPOS="1668"
                    WIDTH="110"
                    HEIGHT="77">
            <Shape><Polygon POINTS="1051 1729 1045 1685 1084 1673 1086 1673 1086 1673 1086 1673 1087 1673 1087 1673 1089 1673 1102 1676 1122 1680 1147 1668 1155 1725 1155 1744 1051 1745"/></Shape>
	    <String CONTENT="Mais"
                    HPOS="1045"
                    VPOS="1668"
                    WIDTH="110"
                    HEIGHT="77"></String>
          </TextLine>

          
        </TextBlock>
        

        
      </PrintSpace>
    </Page>
  </Layout>
</alto>
