1254 1915
159 137 722 78 DE D. P. DV GVILLET.

75 226 907 74 Mais bien d’Amuour la flãmɇ on void mourir

75 292 763 75 Außi ſoudain, qu'on la void allumée,

76 357 814 80 Pource qu'ellɇ eſt touſiours acoſtumée,

70 429 792 68 Comme le feu, à forcɇ, & vehemence:

73 499 684 78 Et celle la n'eſt iamais conſumée:

67 563 910 97 Car ſa vigueur s'augmentɇ en ſa clemence.

70 695 661 86 Ie n'oſerois le penſer veritable,

71 770 732 75 Et ce n’eſtoit pour vn contentement,

78 837 814 79 Qui fait ſentir, & voir ce bien durable

70 908 792 79 Par la douceur, qui en ſort ſeulenent.

71 978 849 75 De tous les heurs c’eſt le commencement:

71 1035 780 94 I'en fais teſmoing le ſçavoir estimable.

70 1113 822 85 Eſt ce le bien qu'on dit tant incroyable?

73 1182 722 91 Ie ne le croy, & le ſçay ſeurement.

70 1313 909 89 En lieu du biẽ, que deux ſouloiẽt pretẽdre,

70 1385 683 79 Ie veux le mal toute ſeule porter:

70 1456 907 95 Puis que malheur ainſi me veult ſurprendre,

73 1524 748 90 Il eſt beſoing qu’aprenne à ſuporter.

84 1591 721 121 O foy! amour! plaiſir, ſe contente,

801 1670 181 179 Ce n'est
