1268 1894
680 110 306 85 RITHMES

330 194 817 91 Ce n'eſt moyen de mon mal ſuuertir.

323 271 738 79 Helas i'ay bien cauſe de regretter

328 339 815 91 Ce qui ſouloit en deux ſe deſpartir!

330 475 849 86 Vn ſeul ie hay, qui deux me fait aymer

326 552 765 84 Plus par pitié d’aueuglée ieuneſſe,

337 621 894 78 Qui trouue doux ce que ie trouuɇ amer

330 681 884 87 Que par instinct d’amoureuſe destreſſe,

325 752 905 89 Laquelle toutɇ au quatrieſme m’adreſſe,

328 822 786 76 Le voyant tout en moy s’iniquiter.

325 890 903 85 Parquoy, voulant enuers tous m'aquiter,

326 959 861 85 Contrainte ſuis (à fin que ne m'eſcarte)

323 1027 834 82 Fuyant les trois, le quatrieſme quiter,

315 1092 926 96 Pour non trembler ſi groſſe fieure quarte.

325 1242 654 77 Aucuns ont dit la Theorique

325 1311 691 77 Estre deuant, que la Pratique:

330 1379 666 80 Ce que bien nyer on pouuoit.

328 1445 684 84 Car, qui fiſt l’art, ia le ſçauoit,

328 1512 827 93 Qui eſt vn poinct qu'vn Sophistique

325 1587 679 106 Concederoit tout en dormant:

1135 1657 110 82 Quan
