1268 1894
566 165 318 70 RITHMES

277 236 695 93 Voire forcer à ſon obeïſſance:

268 310 769 87 Mais acuſer noſtre folle plaiſance

266 381 804 78 Pouvons-nous bien, & à la verité,

274 452 802 84 Par qui vn cueur plein de legiereté

273 516 901 94 Se laiſſe vaincrɇ, ou à gaing, où à perte,

277 593 733 82 Eſperant plus, que n'aura merité

271 655 846 91 Son amytié de raiſon moins experte.

554 735 282 73 DIXAIN.

268 792 878 90 Deux amys iointz par eſtroitɇ amytié

276 864 770 87 Eurent, ſans plus, vne diſcencion:

279 932 846 87 L'vn ſouſtenoit (par raiſon la moytié)

279 999 752 94 Que le Tuſcan a plus d’affection:

276 1073 680 88 L’autre diſoit par reſolucion,

284 1141 908 86 Que le Françoys parle plus proprement.

274 1212 889 77 Pour les vouloir mettre d’apointement,

266 1270 937 88 Je dy, qu’ilz sõt tous deux beaux à deſcrire

274 1351 911 77 Mais pour en fairɇ au vray le Iugement,

279 1415 898 84 Celuy depaind ce, que ceſtuy veult dire.

348 1489 809 65 EPIGRVMMES ITALIENS.

284 1548 732 88 Vidi d’intorno del Parnaſo fonte

326 1619 845 98 Per gratia di colei, che nulla aſconde,

1146 1693 61 63 Di
