1268 1859
108 140 699 73 DE D. P. DV GVILLET.

74 219 611 76 Puys debout bien humblement

75 268 441 99 Remercia l’aßiſtance.

75 419 633 86 Et pour monſtrer qu’il vouloit,

86 487 622 87 Que l’on ſceust ſa deſplaiſance,

72 557 608 82 N'a depuys, commɇ il ſouloit,

74 624 595 94 Aux boy fait ſa demeurance.

257 709 325 56 HVITAIN.

74 755 879 95 Toute persõnɇ & aſſez ieunɇ, & moins docte

74 835 825 92 Qu'il ne fauldroit pour s'experimenter,

71 903 762 86 Par vne modɇ & ignorantɇ, & ſote

75 969 836 99 Voudra touſiours ſon pareil frequenter:

69 1039 833 102 Mais vn cueur hault taſcher à de hanter,

74 1107 657 96 Oui il verra ſa perfection pleine,

72 1178 690 92 A celle fin, que, pour ſe contenter,

75 1245 726 107 Tout bien luy ſoit vſure de ſa peine.

275 1329 276 79 DIXAIN.

72 1384 738 97 Celle clarté mouuante ſans ombrage,

75 1451 817 96 Qui n'eſclarcit en mes tenebreux iours,

71 1518 652 100 De ſa lueur eſblouit l’œil volage

68 1595 838 99 A l'inconſtant pour ne voir mes ſeiours:

547 1665 102 138 E iij

829 1676 118 128 Car,
