<?xml version="1.0" encoding="UTF-8"?>
<alto xmlns:xsi="http://www.w3.org/2001/XMLSchema-instance"
      xmlns="http://www.loc.gov/standards/alto/ns-v4#"
      xsi:schemaLocation="http://www.loc.gov/standards/alto/ns-v4# http://www.loc.gov/standards/alto/v4/alto-4-2.xsd">
  <Description>
    <MeasurementUnit>pixel</MeasurementUnit>
    <sourceImageInformation>
      <fileName>78.jpg</fileName>
      
    </sourceImageInformation>
  </Description>
  
  <Tags>
    <OtherTag ID="BT1703" LABEL="TitlePageZone" DESCRIPTION="block type TitlePageZone"/><OtherTag ID="BT1695" LABEL="DropCapitalZone" DESCRIPTION="block type DropCapitalZone"/><OtherTag ID="BT1702" LABEL="StampZone" DESCRIPTION="block type StampZone"/><OtherTag ID="BT1701" LABEL="RunningTitleZone" DESCRIPTION="block type RunningTitleZone"/><OtherTag ID="BT1700" LABEL="QuireMarksZone" DESCRIPTION="block type QuireMarksZone"/><OtherTag ID="BT1699" LABEL="NumberingZone" DESCRIPTION="block type NumberingZone"/><OtherTag ID="BT1698" LABEL="MarginTextZone" DESCRIPTION="block type MarginTextZone"/><OtherTag ID="BT1697" LABEL="MainZone" DESCRIPTION="block type MainZone"/><OtherTag ID="BT1696" LABEL="GraphicZone" DESCRIPTION="block type GraphicZone"/>
    <OtherTag ID="LT570" LABEL="HeadingLine" DESCRIPTION="line type HeadingLine"/><OtherTag ID="LT569" LABEL="DropCapitalLine" DESCRIPTION="line type DropCapitalLine"/><OtherTag ID="LT568" LABEL="DefaultLine" DESCRIPTION="line type DefaultLine"/>
  </Tags>
  
  <Layout>
    <Page WIDTH="1219"
          HEIGHT="1873"
          PHYSICAL_IMG_NR="77"
          ID="eSc_dummypage_">
      <PrintSpace HPOS="0"
                  VPOS="0"
                  WIDTH="1219"
                  HEIGHT="1873">
        
        <TextBlock HPOS="592"
                   VPOS="178"
                   WIDTH="324"
                   HEIGHT="48"
                   ID="eSc_textblock_a900b58a"
                   TAGREFS="BT1701">
          <Shape><Polygon POINTS="592 182 593 226 916 223 909 178"/></Shape>
          
          
          <TextLine ID="eSc_line_d97def6c"
                    TAGREFS="LT570"
                    BASELINE="596 220 903 213" 
                    HPOS="590"
                    VPOS="143"
                    WIDTH="313"
                    HEIGHT="91">
            <Shape><Polygon POINTS="596 220 590 167 611 156 612 156 614 156 662 165 667 165 670 163 695 154 697 154 698 154 700 154 701 154 714 163 717 163 768 163 772 162 820 143 822 143 823 143 876 143 878 143 879 143 903 157 903 213 903 227 596 234"/></Shape>
	    <String CONTENT="RITHMES"
                    HPOS="590"
                    VPOS="143"
                    WIDTH="313"
                    HEIGHT="91"></String>
          </TextLine>

          
        </TextBlock>
        
        <TextBlock HPOS="279"
                   VPOS="239"
                   WIDTH="888"
                   HEIGHT="1471"
                   ID="eSc_textblock_4a0e77e0"
                   TAGREFS="BT1697">
          <Shape><Polygon POINTS="279 252 285 1699 660 1710 1066 1692 1096 1263 1051 680 1167 593 1167 239"/></Shape>
          
          
          <TextLine ID="eSc_line_739af020"
                    TAGREFS="LT568"
                    BASELINE="278 310 781 299 1161 301" 
                    HPOS="273"
                    VPOS="220"
                    WIDTH="888"
                    HEIGHT="103">
            <Shape><Polygon POINTS="278 310 273 254 579 251 587 243 587 241 587 241 589 241 589 241 589 241 589 241 590 241 590 241 590 241 592 241 592 241 592 241 593 241 593 241 615 249 631 240 631 238 632 238 632 238 632 238 634 238 634 238 634 238 636 238 636 238 637 238 642 238 676 248 690 237 706 226 707 226 707 226 707 226 709 226 709 226 709 226 906 223 907 223 981 224 981 224 981 224 983 224 983 224 986 226 1031 245 1079 226 1079 226 1081 226 1081 226 1083 226 1083 226 1122 229 1156 220 1161 301 1158 313 1034 305 915 305 889 315 881 316 879 316 879 316 878 316 878 316 878 316 865 315 832 309 792 315 767 318 767 318 765 318 765 318 765 318 748 315 728 310 712 315 703 318 701 318 701 318 701 318 700 318 639 315 575 312 557 315 529 321 529 321 529 321 528 321 528 321 489 315 473 313 456 315 403 323 403 323 401 323 276 315"/></Shape>
	    <String CONTENT="Car, me voyant, m&#39;eust cõſommé touſiours"
                    HPOS="273"
                    VPOS="220"
                    WIDTH="888"
                    HEIGHT="103"></String>
          </TextLine>

          
          
          <TextLine ID="eSc_line_12d6fe9f"
                    TAGREFS="LT568"
                    BASELINE="273 380 1115 365" 
                    HPOS="267"
                    VPOS="305"
                    WIDTH="848"
                    HEIGHT="86">
            <Shape><Polygon POINTS="273 380 267 332 296 319 296 319 298 319 298 319 298 319 300 319 300 319 301 319 342 330 348 332 353 330 381 318 381 318 382 318 382 318 382 318 384 318 384 318 386 318 386 318 386 318 407 329 411 330 420 329 470 319 470 319 471 319 471 319 471 319 473 319 473 319 493 327 493 327 640 327 642 326 656 313 656 313 657 313 657 313 657 313 659 313 659 313 659 313 661 313 661 313 662 313 662 313 662 313 684 324 686 326 687 324 709 312 711 312 711 312 712 312 712 312 712 312 714 312 714 312 770 319 809 310 811 310 811 310 812 310 812 310 812 310 814 310 851 323 856 323 864 321 940 307 940 307 942 307 995 307 995 307 995 307 997 307 997 307 997 307 1023 319 1025 319 1028 319 1070 305 1072 305 1072 305 1072 305 1073 305 1073 305 1075 305 1114 318 1115 365 1115 373 273 391"/></Shape>
	    <String CONTENT="Par les erreurs de ſon errante fleche."
                    HPOS="267"
                    VPOS="305"
                    WIDTH="848"
                    HEIGHT="86"></String>
          </TextLine>

          
          
          <TextLine ID="eSc_line_0ba7ac79"
                    TAGREFS="LT568"
                    BASELINE="312 446 1158 432" 
                    HPOS="307"
                    VPOS="379"
                    WIDTH="851"
                    HEIGHT="87">
            <Shape><Polygon POINTS="312 446 307 399 332 391 334 391 334 391 334 391 336 391 336 391 337 391 337 391 337 391 350 398 362 404 390 404 400 398 411 390 412 390 412 390 412 390 414 390 414 390 415 390 415 390 415 390 417 390 417 390 418 390 418 390 426 396 434 402 461 396 467 394 468 394 468 394 470 394 470 394 487 396 556 401 573 394 589 387 589 387 590 387 590 387 590 387 592 387 592 387 593 387 593 387 612 393 622 396 647 393 667 390 667 390 668 390 668 390 668 390 670 390 670 390 670 390 672 390 673 391 684 399 715 391 722 390 723 390 723 390 725 390 725 390 734 391 776 398 786 390 792 385 792 383 792 383 793 383 793 383 795 383 795 383 795 383 797 383 797 383 797 383 798 383 815 390 826 393 832 388 840 383 842 383 842 383 842 383 843 383 843 383 845 383 845 383 845 383 847 383 847 383 847 383 856 388 870 396 914 394 922 387 926 383 926 382 926 382 928 382 928 382 929 382 929 382 929 382 931 382 931 382 931 382 933 382 933 382 943 387 959 394 972 387 979 380 981 380 981 380 981 380 983 380 983 380 983 380 984 380 984 380 1015 385 1058 393 1065 385 1070 380 1070 380 1070 379 1070 379 1072 379 1072 379 1073 379 1073 379 1073 379 1075 379 1075 379 1076 379 1076 379 1090 383 1112 391 1153 383 1158 432 1154 455 1008 443 989 455 989 457 989 457 987 457 987 457 987 457 986 457 986 457 984 457 984 457 973 455 884 444 873 455 873 455 873 455 873 457 873 457 872 457 872 457 872 457 870 457 870 457 868 457 868 457 868 457 867 457 867 457 867 457 865 455 856 451 847 455 842 460 840 460 840 460 840 460 839 460 839 460 837 460 837 460 837 460 836 460 836 460 826 455 801 446 737 446 728 455 723 460 723 462 723 462 722 462 722 462 722 462 720 462 720 462 720 462 718 462 718 462 717 462 697 455 687 454 682 455 668 463 668 463 668 463 667 463 667 463 665 463 665 463 665 463 664 463 664 463 664 463 662 463 653 455 643 449 622 455 593 465 592 465 592 465 592 465 590 465 590 465 589 465 589 465 565 455 557 454 532 455 439 466 439 466 437 466 311 455"/></Shape>
	    <String CONTENT="Parquoy l’eſprit, qui deſir chaſte cherche"
                    HPOS="307"
                    VPOS="379"
                    WIDTH="851"
                    HEIGHT="87"></String>
          </TextLine>

          
          
          <TextLine ID="eSc_line_40125148"
                    TAGREFS="LT568"
                    BASELINE="276 515 1053 504" 
                    HPOS="270"
                    VPOS="447"
                    WIDTH="783"
                    HEIGHT="72">
            <Shape><Polygon POINTS="276 515 270 471 290 460 290 460 290 460 292 460 292 460 292 460 293 460 293 460 343 469 346 469 348 469 381 455 381 455 382 455 382 455 382 455 384 455 384 455 386 455 386 455 386 455 411 468 411 469 454 469 456 466 468 457 468 455 468 455 470 455 470 455 470 455 471 455 471 455 473 455 473 455 473 455 475 455 475 455 500 466 501 468 589 468 595 465 622 452 622 452 623 452 623 452 623 452 625 452 625 452 684 462 698 455 698 455 698 455 700 455 700 455 701 455 701 455 701 455 703 455 703 455 703 455 704 455 704 455 704 457 711 462 714 465 864 463 868 458 878 451 878 451 879 451 879 451 879 451 881 451 881 451 937 447 939 447 1050 455 1053 504 1053 515 276 519"/></Shape>
	    <String CONTENT="En lien de mort a eu nouuelle vie,"
                    HPOS="270"
                    VPOS="447"
                    WIDTH="783"
                    HEIGHT="72"></String>
          </TextLine>

          
          
          <TextLine ID="eSc_line_46fed1d9"
                    TAGREFS="LT568"
                    BASELINE="275 586 1084 572 1088 571 1162 581" 
                    HPOS="267"
                    VPOS="510"
                    WIDTH="894"
                    HEIGHT="95">
            <Shape><Polygon POINTS="273 585 267 535 285 526 285 526 285 526 287 526 287 526 289 526 289 526 289 526 290 526 318 533 336 538 350 532 371 522 371 522 373 522 373 522 373 522 375 522 375 522 376 522 376 522 376 522 378 522 390 532 400 536 487 529 492 529 492 529 493 529 493 529 495 529 495 529 495 529 515 535 565 526 607 519 607 519 609 519 609 519 609 519 611 519 626 524 654 533 704 533 715 522 720 519 720 518 720 518 722 518 722 518 723 518 723 518 723 518 725 518 725 518 725 518 742 521 781 530 831 519 850 515 850 515 850 515 851 515 851 515 851 515 853 515 853 515 854 515 859 518 879 530 928 530 967 515 972 513 972 513 973 513 973 513 975 513 975 513 975 513 976 513 981 515 1022 527 1042 513 1042 511 1042 511 1043 511 1043 511 1045 511 1045 511 1045 511 1047 511 1047 511 1047 511 1048 511 1051 511 1087 524 1101 511 1101 511 1103 511 1103 511 1103 511 1104 511 1104 511 1104 511 1104 511 1159 510 1161 580 1158 588 765 586 729 591 684 599 684 599 682 599 682 599 682 599 681 599 681 599 679 599 670 593 662 588 654 593 636 600 636 600 634 600 634 600 634 600 632 600 512 593 468 591 446 594 368 605 368 605 367 605 367 605 271 594"/></Shape>
	    <String CONTENT="Faillant aux yeux (dont le corps ſouffrant"
                    HPOS="267"
                    VPOS="510"
                    WIDTH="894"
                    HEIGHT="95"></String>
          </TextLine>

          
          
          <TextLine ID="eSc_line_13857bfa"
                    TAGREFS="LT568"
                    BASELINE="375 652 536 647" 
                    HPOS="367"
                    VPOS="591"
                    WIDTH="169"
                    HEIGHT="81">
            <Shape><Polygon POINTS="375 652 367 605 389 591 390 591 390 591 390 591 392 591 392 591 393 591 532 597 536 647 536 655 511 666 511 666 509 666 509 666 509 666 507 666 465 663 423 660 376 672"/></Shape>
	    <String CONTENT="ſeche)"
                    HPOS="367"
                    VPOS="591"
                    WIDTH="169"
                    HEIGHT="81"></String>
          </TextLine>

          
          
          <TextLine ID="eSc_line_3f64eae5"
                    TAGREFS="LT568"
                    BASELINE="279 724 1048 711" 
                    HPOS="275"
                    VPOS="643"
                    WIDTH="773"
                    HEIGHT="114">
            <Shape><Polygon POINTS="279 724 276 663 371 672 465 672 492 660 509 652 509 652 511 652 511 652 511 652 512 652 512 652 514 652 514 652 514 652 515 652 525 658 532 664 546 658 562 652 562 652 564 652 564 652 564 652 565 652 565 652 567 652 587 658 595 660 600 658 607 653 607 653 607 653 609 653 609 653 609 653 611 653 611 653 612 653 612 653 612 653 614 653 618 657 634 668 650 657 656 652 657 652 657 652 657 652 659 652 659 652 661 652 661 652 661 652 662 652 662 652 662 652 664 652 670 657 684 668 725 668 740 655 754 646 756 646 756 646 756 646 757 646 757 646 759 646 848 646 848 646 848 646 850 646 850 646 868 653 889 663 945 663 961 652 975 643 976 643 976 643 976 643 978 643 978 643 979 643 1008 643 1008 643 1008 643 1009 643 1009 643 1009 643 1011 643 1011 643 1022 652 1028 657 1042 652 1048 711 1047 727 706 725 700 728 665 752 664 752 664 752 664 752 662 752 662 752 662 752 470 755 470 757 409 757 407 755 407 755 406 755 406 755 406 755 404 755 404 755 404 753 382 733 373 741 373 742 373 742 371 742 371 742 371 742 370 742 370 742 370 742 368 742 368 742 367 742 367 742 367 742 365 742 365 742 354 733 306 749 304 749 304 749 304 749 303 749 303 749 301 749 301 749 301 749 300 749 300 749 275 730"/></Shape>
	    <String CONTENT="De mes plaiſirs la memoire rauie."
                    HPOS="275"
                    VPOS="643"
                    WIDTH="773"
                    HEIGHT="114"></String>
          </TextLine>

          
          
          <TextLine ID="eSc_line_7d3a37fa"
                    TAGREFS="LT570"
                    BASELINE="475 836 997 822" 
                    HPOS="471"
                    VPOS="769"
                    WIDTH="526"
                    HEIGHT="86">
            <Shape><Polygon POINTS="475 836 471 778 526 788 565 775 584 771 586 771 587 771 672 774 798 780 812 772 815 769 817 769 818 769 820 769 822 769 831 771 853 777 992 769 997 822 997 839 922 845 920 845 918 845 907 842 892 836 876 842 862 847 861 847 859 847 857 847 856 847 856 845 851 842 847 838 767 838 759 844 751 850 750 850 748 850 747 850 697 845 664 842 657 845 648 853 647 853 645 853 589 855 587 855 586 855 568 847 562 845 475 849"/></Shape>
	    <String CONTENT="COQ A L’ASNE."
                    HPOS="471"
                    VPOS="769"
                    WIDTH="526"
                    HEIGHT="86"></String>
          </TextLine>

          
          
          <TextLine ID="eSc_line_92882d74"
                    TAGREFS="LT568"
                    BASELINE="281 939 987 925" 
                    HPOS="275"
                    VPOS="858"
                    WIDTH="715"
                    HEIGHT="90">
            <Shape><Polygon POINTS="281 939 275 895 314 880 314 880 315 880 315 880 317 880 317 880 317 880 318 880 318 880 318 880 320 880 320 880 334 892 348 883 350 883 350 883 351 883 351 883 351 883 353 883 353 883 354 883 384 891 439 867 439 867 440 867 440 867 442 867 507 867 507 867 507 867 509 867 509 867 509 867 511 867 511 867 511 869 531 888 556 889 561 889 562 889 587 878 587 878 589 878 589 878 589 878 590 878 590 878 590 878 592 878 592 878 593 878 593 878 593 878 603 886 611 880 611 880 612 880 612 880 614 880 614 880 614 880 615 880 615 880 615 880 617 880 617 880 618 880 618 880 628 888 628 888 629 888 672 880 672 880 672 880 673 880 762 884 762 884 762 884 775 875 775 875 776 875 776 875 776 875 778 875 778 875 779 875 779 875 779 875 781 875 781 875 781 875 782 875 782 875 782 877 789 881 814 861 814 861 815 861 815 861 817 861 817 861 817 861 903 858 904 858 904 858 906 858 906 858 906 858 954 881 956 881 983 881 987 925 990 930 973 941 972 941 972 941 972 941 970 941 970 941 968 941 968 941 968 941 967 941 940 933 909 942 907 942 907 942 907 942 906 942 906 942 853 934 825 944 823 944 823 944 823 944 822 944 822 944 773 936 718 945 718 945 718 945 717 945 717 945 715 945 715 945 695 938 673 947 673 947 672 947 672 947 672 947 670 947 670 947 609 939 603 939 595 939 537 948 537 948 536 948 279 947"/></Shape>
	    <String CONTENT="Amy ie n’ay Laquais, ny Page,"
                    HPOS="275"
                    VPOS="858"
                    WIDTH="715"
                    HEIGHT="90"></String>
          </TextLine>

          
          
          <TextLine ID="eSc_line_4fe4c6e7"
                    TAGREFS="LT568"
                    BASELINE="290 1009 1050 991" 
                    HPOS="284"
                    VPOS="933"
                    WIDTH="766"
                    HEIGHT="94">
            <Shape><Polygon POINTS="290 1009 284 966 309 952 309 952 309 952 311 952 311 952 311 952 312 952 312 952 312 952 314 952 314 952 337 963 370 947 370 947 371 947 371 947 371 947 417 945 418 945 418 945 420 945 457 956 468 947 468 945 468 945 470 945 470 945 470 945 471 945 471 945 473 945 473 945 473 945 475 945 475 945 475 945 493 955 543 944 543 944 543 944 545 944 545 944 546 944 546 944 546 944 548 944 548 944 548 945 561 958 596 958 612 942 612 941 612 941 614 941 614 941 614 941 615 941 615 941 615 941 617 941 617 941 618 941 651 948 665 939 667 939 667 939 667 939 668 939 668 939 670 939 670 939 670 939 672 939 672 939 706 953 768 953 792 936 793 936 793 936 793 936 795 936 795 936 795 936 797 936 797 936 798 936 798 936 798 936 829 950 918 950 933 934 933 934 933 933 934 933 934 933 934 933 936 933 936 933 937 933 967 933 967 933 967 933 968 933 968 933 968 933 970 933 970 933 970 934 986 947 1045 947 1050 991 1050 1003 893 1012 892 1012 892 1012 892 1012 890 1012 873 1008 859 1003 848 1008 832 1014 832 1014 831 1014 831 1014 831 1014 829 1014 829 1014 828 1014 828 1014 812 1008 803 1005 800 1008 792 1014 792 1016 792 1016 790 1016 790 1016 789 1016 789 1016 789 1016 787 1016 712 1009 678 1008 675 1011 667 1017 667 1019 667 1019 665 1019 665 1019 665 1019 664 1019 664 1019 664 1019 662 1019 587 1012 564 1011 550 1012 504 1022 504 1022 503 1022 503 1022 436 1016 418 1014 407 1016 353 1027 353 1027 353 1027 351 1027 351 1027 289 1017"/></Shape>
	    <String CONTENT="Qui bien ſceust faire ſon meſſage,"
                    HPOS="284"
                    VPOS="933"
                    WIDTH="766"
                    HEIGHT="94"></String>
          </TextLine>

          
          
          <TextLine ID="eSc_line_0ab33c79"
                    TAGREFS="LT568"
                    BASELINE="284 1078 848 1064" 
                    HPOS="281"
                    VPOS="1006"
                    WIDTH="567"
                    HEIGHT="83">
            <Shape><Polygon POINTS="284 1078 281 1020 357 1028 370 1019 378 1012 378 1012 379 1012 379 1012 379 1012 381 1012 381 1012 381 1012 443 1011 445 1011 445 1011 446 1011 446 1011 446 1011 448 1011 448 1011 448 1012 456 1019 459 1022 464 1019 475 1011 476 1011 476 1011 478 1011 478 1011 478 1011 593 1006 595 1006 595 1006 596 1006 596 1006 625 1017 636 1022 718 1020 720 1017 726 1012 726 1011 726 1011 728 1011 728 1011 728 1011 729 1011 729 1011 731 1011 731 1011 731 1011 732 1011 732 1011 732 1011 734 1011 734 1011 740 1017 743 1019 843 1017 848 1064 845 1080 778 1073 703 1083 698 1083 698 1083 697 1083 697 1083 697 1083 695 1083 695 1083 695 1083 676 1075 657 1083 656 1084 656 1084 656 1084 654 1084 654 1084 653 1084 653 1084 645 1084 596 1076 579 1084 576 1086 576 1086 576 1086 575 1086 575 1086 573 1086 573 1086 571 1086 567 1084 537 1078 284 1089"/></Shape>
	    <String CONTENT="Ne telle choſe raconter,"
                    HPOS="281"
                    VPOS="1006"
                    WIDTH="567"
                    HEIGHT="83"></String>
          </TextLine>

          
          
          <TextLine ID="eSc_line_57a06824"
                    TAGREFS="LT568"
                    BASELINE="296 1144 1043 1125" 
                    HPOS="290"
                    VPOS="1066"
                    WIDTH="753"
                    HEIGHT="93">
            <Shape><Polygon POINTS="296 1144 290 1103 312 1092 312 1092 312 1092 314 1092 314 1092 315 1092 315 1092 315 1092 317 1092 317 1092 336 1100 356 1081 356 1080 356 1080 357 1080 357 1080 359 1080 359 1080 359 1080 456 1078 457 1078 457 1078 459 1078 459 1078 459 1078 461 1078 476 1089 489 1080 489 1078 489 1078 490 1078 490 1078 492 1078 492 1078 492 1078 557 1075 559 1075 559 1075 622 1087 653 1092 818 1089 837 1076 839 1075 840 1075 840 1075 840 1075 842 1075 842 1075 843 1075 843 1075 843 1075 845 1075 845 1075 848 1076 872 1086 900 1076 901 1076 901 1076 901 1076 903 1076 903 1076 903 1076 904 1076 929 1084 948 1070 954 1066 954 1066 956 1066 956 1066 956 1066 958 1066 958 1066 959 1066 1040 1067 1043 1125 1042 1142 993 1134 929 1144 918 1145 918 1145 917 1145 917 1145 917 1145 909 1145 867 1137 743 1140 737 1147 734 1150 734 1150 732 1150 732 1150 732 1150 731 1150 731 1150 731 1150 729 1150 678 1147 609 1144 554 1148 482 1156 482 1156 481 1156 481 1156 479 1156 479 1156 464 1150 459 1148 437 1150 357 1159 357 1159 356 1159 356 1159 295 1151"/></Shape>
	    <String CONTENT="Que me ſents au cerueau monter"
                    HPOS="290"
                    VPOS="1066"
                    WIDTH="753"
                    HEIGHT="93"></String>
          </TextLine>

          
          
          <TextLine ID="eSc_line_475864b4"
                    TAGREFS="LT568"
                    BASELINE="282 1212 1008 1195" 
                    HPOS="276"
                    VPOS="1136"
                    WIDTH="732"
                    HEIGHT="97">
            <Shape><Polygon POINTS="282 1212 276 1159 296 1150 296 1150 298 1150 298 1150 298 1150 300 1150 300 1150 301 1150 301 1150 301 1150 318 1158 329 1164 415 1162 423 1156 439 1147 440 1147 440 1147 440 1147 442 1147 442 1147 443 1147 443 1147 443 1147 445 1147 445 1147 445 1147 446 1147 461 1156 467 1161 500 1161 507 1156 531 1144 531 1144 531 1144 532 1144 532 1144 534 1144 612 1145 612 1145 612 1145 614 1145 614 1145 636 1153 642 1156 645 1153 659 1142 659 1142 661 1142 661 1142 662 1142 662 1142 662 1142 664 1142 664 1142 665 1142 698 1150 712 1140 714 1140 714 1140 714 1140 715 1140 715 1140 717 1140 717 1140 717 1140 772 1151 781 1153 784 1151 797 1140 797 1139 797 1139 798 1139 798 1139 800 1139 800 1139 800 1139 864 1136 865 1136 1004 1148 1008 1195 1004 1204 948 1204 936 1208 875 1222 875 1222 875 1222 873 1222 873 1222 873 1222 822 1211 809 1208 793 1211 751 1220 751 1220 751 1220 750 1220 750 1220 692 1214 679 1212 676 1214 662 1226 662 1226 661 1226 661 1226 661 1226 659 1226 659 1226 659 1226 657 1226 657 1226 656 1226 656 1226 656 1226 634 1215 634 1215 632 1215 573 1222 573 1222 571 1222 571 1222 570 1222 570 1222 570 1222 568 1222 568 1222 562 1217 561 1215 559 1217 553 1222 553 1223 553 1223 551 1223 551 1223 551 1223 550 1223 550 1223 548 1223 548 1223 548 1223 525 1219 517 1228 515 1228 515 1229 515 1229 514 1229 514 1229 514 1229 512 1229 512 1229 511 1229 511 1229 511 1229 509 1229 473 1219 468 1219 465 1219 415 1233 414 1233 414 1233 412 1233 412 1233 411 1233 411 1233 381 1222 371 1219 282 1223"/></Shape>
	    <String CONTENT="En ceſte plainɇ, &amp; bel&#39; eſpace."
                    HPOS="276"
                    VPOS="1136"
                    WIDTH="732"
                    HEIGHT="97"></String>
          </TextLine>

          
          
          <TextLine ID="eSc_line_721ca06d"
                    TAGREFS="LT568"
                    BASELINE="336 1279 1084 1261" 
                    HPOS="328"
                    VPOS="1204"
                    WIDTH="759"
                    HEIGHT="97">
            <Shape><Polygon POINTS="336 1279 328 1242 356 1222 357 1222 357 1222 357 1222 359 1222 359 1222 359 1222 361 1222 361 1222 439 1237 445 1237 450 1236 484 1223 484 1223 486 1223 486 1223 487 1223 487 1223 487 1223 489 1223 489 1223 514 1233 521 1236 643 1234 653 1226 654 1223 654 1223 656 1223 656 1223 656 1223 657 1223 657 1223 657 1223 659 1223 659 1223 672 1225 707 1231 739 1222 770 1211 772 1211 772 1211 772 1211 773 1211 773 1211 773 1211 775 1211 775 1211 775 1211 789 1219 806 1228 859 1220 859 1220 861 1220 861 1220 861 1220 862 1220 882 1226 920 1212 931 1208 931 1208 933 1208 933 1208 933 1208 1079 1204 1084 1261 1087 1268 1064 1284 1062 1284 1062 1284 1062 1284 1061 1284 1061 1284 1061 1284 967 1286 965 1286 965 1286 917 1276 911 1275 904 1276 872 1287 870 1287 870 1287 870 1287 868 1287 868 1287 815 1279 798 1278 793 1281 784 1289 784 1290 784 1290 782 1290 782 1290 781 1290 781 1290 781 1290 779 1290 779 1290 779 1290 778 1290 778 1290 776 1290 764 1283 761 1281 754 1283 725 1292 723 1292 723 1292 723 1292 722 1292 722 1292 682 1286 651 1281 640 1287 631 1295 629 1295 629 1295 629 1295 628 1295 628 1295 628 1295 584 1297 582 1297 582 1297 582 1297 581 1297 565 1292 543 1284 492 1295 486 1295 486 1295 486 1295 484 1295 484 1295 482 1295 482 1295 482 1295 481 1295 481 1295 481 1295 470 1286 396 1297 396 1297 395 1297 395 1297 395 1297 359 1289 339 1301"/></Shape>
	    <String CONTENT="Mon Dieu, comne Ie monde paſſe"
                    HPOS="328"
                    VPOS="1204"
                    WIDTH="759"
                    HEIGHT="97"></String>
          </TextLine>

          
          
          <TextLine ID="eSc_line_2df8827f"
                    TAGREFS="LT568"
                    BASELINE="284 1350 895 1334" 
                    HPOS="279"
                    VPOS="1273"
                    WIDTH="616"
                    HEIGHT="102">
            <Shape><Polygon POINTS="284 1350 279 1297 318 1290 318 1290 320 1290 320 1290 321 1290 321 1290 321 1290 323 1290 328 1293 339 1301 384 1301 417 1290 445 1283 446 1283 446 1283 448 1283 503 1283 503 1283 503 1283 504 1283 504 1283 504 1283 506 1283 506 1283 511 1287 517 1292 540 1286 568 1279 568 1279 568 1279 570 1279 570 1279 570 1279 571 1279 571 1279 571 1279 573 1279 579 1284 593 1295 628 1295 656 1281 665 1278 665 1278 667 1278 667 1278 667 1278 668 1278 668 1278 670 1278 670 1278 678 1281 704 1292 750 1292 772 1276 772 1276 773 1276 773 1276 773 1276 775 1276 775 1276 776 1276 776 1276 776 1276 778 1276 778 1276 779 1276 804 1289 817 1276 817 1276 817 1275 817 1275 817 1275 818 1275 818 1275 820 1275 820 1275 820 1275 890 1273 895 1334 893 1346 843 1346 842 1346 826 1362 826 1364 826 1364 825 1364 825 1364 825 1364 823 1364 823 1364 823 1364 822 1364 822 1364 764 1354 737 1364 737 1364 736 1364 736 1364 734 1364 734 1364 732 1364 689 1353 684 1351 682 1353 665 1365 664 1365 664 1365 664 1365 662 1365 662 1365 662 1365 661 1365 661 1365 661 1365 615 1354 609 1353 607 1354 592 1368 592 1370 592 1370 590 1370 590 1370 590 1370 589 1370 589 1370 589 1370 512 1371 511 1371 511 1371 509 1371 509 1371 509 1371 507 1371 507 1371 507 1370 493 1357 470 1373 468 1373 468 1373 468 1373 467 1373 467 1373 467 1375 393 1375 392 1373 392 1373 390 1373 390 1373 390 1373 389 1373 373 1362 368 1359 284 1364"/></Shape>
	    <String CONTENT="En oyſiueté par ſimpleſſe!"
                    HPOS="279"
                    VPOS="1273"
                    WIDTH="616"
                    HEIGHT="102"></String>
          </TextLine>

          
          
          <TextLine ID="eSc_line_90483268"
                    TAGREFS="LT568"
                    BASELINE="285 1421 665 1409 1045 1404" 
                    HPOS="282"
                    VPOS="1348"
                    WIDTH="763"
                    HEIGHT="86">
            <Shape><Polygon POINTS="285 1421 282 1365 365 1375 389 1367 389 1367 390 1367 390 1367 392 1367 392 1367 392 1367 393 1367 393 1367 393 1367 395 1367 407 1375 573 1364 584 1364 586 1364 586 1364 586 1364 589 1364 626 1370 653 1364 659 1362 661 1362 661 1362 662 1362 662 1362 676 1364 701 1367 707 1364 714 1357 714 1357 715 1357 715 1357 715 1357 717 1357 717 1357 718 1357 718 1357 718 1357 745 1364 756 1365 759 1364 773 1353 775 1353 775 1353 775 1353 776 1353 776 1353 776 1353 778 1353 778 1353 779 1353 779 1353 779 1353 781 1353 781 1353 793 1364 797 1365 803 1364 832 1351 832 1351 834 1351 834 1351 834 1351 914 1350 915 1350 915 1350 917 1350 917 1350 917 1350 918 1350 918 1350 918 1350 929 1359 975 1348 975 1348 975 1348 976 1348 1020 1348 1020 1348 1020 1348 1022 1348 1022 1348 1022 1348 1023 1348 1045 1362 1045 1404 1045 1417 915 1421 914 1421 914 1421 912 1421 912 1421 912 1421 911 1421 911 1421 911 1420 901 1414 890 1421 889 1423 889 1423 887 1423 887 1423 887 1423 886 1423 886 1423 886 1423 828 1425 826 1425 826 1425 825 1425 825 1425 825 1425 823 1425 823 1425 822 1423 809 1414 762 1425 756 1425 756 1425 756 1425 754 1425 754 1425 748 1425 700 1415 678 1426 676 1426 676 1426 676 1426 675 1426 675 1426 673 1426 673 1426 672 1426 670 1426 632 1417 614 1428 609 1429 609 1429 609 1429 607 1429 607 1429 607 1429 606 1429 584 1428 492 1420 285 1434"/></Shape>
	    <String CONTENT="Ne void-on point tant de ſageſſe,"
                    HPOS="282"
                    VPOS="1348"
                    WIDTH="763"
                    HEIGHT="86"></String>
          </TextLine>

          
          
          <TextLine ID="eSc_line_80679d01"
                    TAGREFS="LT568"
                    BASELINE="292 1489 1042 1470" 
                    HPOS="285"
                    VPOS="1414"
                    WIDTH="757"
                    HEIGHT="90">
            <Shape><Polygon POINTS="292 1489 285 1442 303 1432 303 1432 303 1432 304 1432 304 1432 304 1432 306 1432 390 1437 390 1437 390 1437 423 1425 423 1425 425 1425 425 1425 426 1425 426 1425 426 1425 428 1425 428 1425 428 1425 448 1435 465 1423 467 1423 467 1423 467 1423 468 1423 468 1423 468 1423 504 1421 506 1421 506 1421 506 1421 507 1421 507 1421 534 1432 539 1434 553 1431 618 1418 618 1418 618 1418 698 1417 700 1417 700 1417 701 1417 701 1417 701 1417 718 1425 726 1429 765 1429 773 1423 786 1414 786 1414 787 1414 787 1414 789 1414 789 1414 789 1414 790 1414 790 1414 845 1420 859 1421 1037 1414 1042 1470 1040 1479 995 1476 965 1482 929 1489 929 1489 928 1489 928 1489 928 1489 926 1489 909 1482 897 1479 884 1484 875 1487 875 1487 873 1487 873 1487 872 1487 872 1487 845 1484 811 1481 792 1485 775 1490 773 1490 773 1490 772 1490 772 1490 772 1490 770 1490 770 1490 768 1490 762 1487 756 1482 725 1487 695 1492 695 1492 693 1492 693 1492 657 1489 618 1485 607 1490 589 1498 589 1498 587 1498 587 1498 587 1498 586 1498 518 1492 496 1490 492 1493 481 1501 481 1501 479 1501 479 1501 478 1501 478 1501 478 1501 476 1501 476 1501 426 1493 407 1492 392 1495 353 1504 353 1504 353 1504 351 1504 351 1504 290 1496"/></Shape>
	    <String CONTENT="Que le plus fol demeure maiſtre?"
                    HPOS="285"
                    VPOS="1414"
                    WIDTH="757"
                    HEIGHT="90"></String>
          </TextLine>

          
          
          <TextLine ID="eSc_line_4941be53"
                    TAGREFS="LT568"
                    BASELINE="287 1556 997 1537" 
                    HPOS="281"
                    VPOS="1476"
                    WIDTH="716"
                    HEIGHT="95">
            <Shape><Polygon POINTS="287 1556 281 1507 323 1492 323 1492 325 1492 325 1492 326 1492 326 1492 326 1492 328 1492 328 1492 359 1506 359 1506 359 1506 379 1492 381 1492 381 1492 381 1492 382 1492 382 1492 382 1492 384 1492 468 1496 504 1487 506 1487 506 1487 507 1487 507 1487 507 1487 509 1487 550 1501 557 1504 562 1501 584 1485 586 1485 586 1485 586 1485 587 1485 587 1485 587 1485 678 1482 679 1482 679 1482 679 1482 681 1482 681 1482 681 1482 682 1482 682 1482 701 1498 703 1499 715 1498 765 1492 765 1492 767 1492 826 1496 840 1496 842 1495 859 1479 859 1478 859 1478 861 1478 861 1478 861 1478 862 1478 862 1478 864 1478 864 1478 864 1478 865 1478 865 1478 865 1478 884 1487 912 1476 912 1476 914 1476 914 1476 915 1476 915 1476 915 1476 917 1476 917 1476 918 1476 947 1493 948 1493 992 1493 997 1537 995 1545 931 1546 931 1548 922 1556 922 1557 922 1557 920 1557 920 1557 920 1557 918 1557 918 1557 918 1557 917 1557 797 1551 781 1551 779 1551 761 1562 761 1562 761 1562 759 1562 759 1562 759 1562 673 1563 672 1563 672 1563 670 1563 670 1563 670 1563 668 1563 656 1556 653 1554 642 1556 581 1567 581 1567 581 1567 579 1567 579 1567 539 1560 506 1568 504 1568 504 1568 503 1568 503 1568 501 1568 501 1568 501 1568 500 1568 487 1560 484 1559 407 1559 404 1562 395 1570 395 1571 395 1571 393 1571 393 1571 392 1571 392 1571 392 1571 390 1571 285 1565"/></Shape>
	    <String CONTENT="Il n&#39;y a rien ſi beau, que d’eſtre"
                    HPOS="281"
                    VPOS="1476"
                    WIDTH="716"
                    HEIGHT="95"></String>
          </TextLine>

          
          
          <TextLine ID="eSc_line_19658be7"
                    TAGREFS="LT568"
                    BASELINE="296 1623 1062 1606" 
                    HPOS="292"
                    VPOS="1553"
                    WIDTH="770"
                    HEIGHT="87">
            <Shape><Polygon POINTS="296 1623 292 1582 320 1570 320 1570 321 1570 321 1570 321 1570 323 1570 323 1570 323 1570 365 1579 381 1568 382 1568 382 1568 382 1568 384 1568 384 1568 386 1568 386 1568 386 1568 387 1568 387 1568 387 1568 404 1578 471 1578 490 1578 490 1576 503 1565 503 1563 503 1563 504 1563 504 1563 504 1563 506 1563 506 1563 507 1563 507 1563 507 1563 564 1574 567 1574 567 1574 575 1565 576 1565 576 1563 576 1563 578 1563 578 1563 579 1563 579 1563 579 1563 581 1563 581 1563 582 1563 617 1573 618 1573 620 1573 643 1560 643 1560 643 1560 645 1560 645 1560 645 1560 647 1560 647 1560 648 1560 648 1560 678 1571 681 1571 728 1571 729 1570 739 1560 739 1559 739 1559 740 1559 740 1559 740 1559 742 1559 742 1559 743 1559 743 1559 743 1559 745 1559 745 1559 765 1568 770 1570 784 1568 854 1556 854 1556 856 1556 890 1556 890 1556 890 1556 892 1556 892 1556 892 1556 893 1556 893 1556 893 1557 901 1563 904 1567 926 1563 1003 1553 1003 1553 1004 1553 1004 1553 1059 1560 1062 1606 1061 1615 1003 1615 998 1617 976 1627 976 1627 976 1627 975 1627 975 1627 973 1627 973 1627 900 1620 884 1618 879 1620 854 1631 854 1631 853 1631 853 1631 853 1631 851 1631 851 1631 798 1621 782 1620 759 1623 678 1634 678 1634 609 1635 607 1635 607 1635 606 1635 606 1635 606 1635 604 1635 604 1635 596 1627 575 1637 575 1637 573 1637 573 1637 573 1638 532 1638 531 1637 531 1637 529 1637 529 1637 529 1637 528 1637 528 1637 528 1635 520 1627 517 1626 421 1629 420 1631 404 1640 403 1640 403 1640 401 1640 401 1640 401 1640 400 1640 295 1632"/></Shape>
	    <String CONTENT="Aupres de quelque beau donneur."
                    HPOS="292"
                    VPOS="1553"
                    WIDTH="770"
                    HEIGHT="87"></String>
          </TextLine>

          
          
          <TextLine ID="eSc_line_0c21f7f9"
                    TAGREFS="LT568"
                    BASELINE="342 1693 1054 1676" 
                    HPOS="334"
                    VPOS="1617"
                    WIDTH="724"
                    HEIGHT="123">
            <Shape><Polygon POINTS="342 1693 334 1646 353 1631 353 1631 354 1631 354 1631 354 1631 356 1631 356 1631 356 1631 357 1631 357 1631 359 1631 359 1631 359 1631 361 1631 361 1631 361 1632 376 1645 378 1648 403 1648 414 1645 461 1632 462 1632 462 1632 464 1632 464 1632 464 1632 465 1632 465 1632 465 1632 467 1632 481 1641 484 1643 661 1641 670 1635 687 1623 689 1623 689 1623 689 1623 690 1623 690 1623 690 1623 948 1617 950 1617 950 1617 951 1617 951 1617 951 1617 965 1624 973 1617 973 1617 975 1617 975 1617 975 1617 976 1617 976 1617 976 1617 978 1617 978 1617 979 1617 979 1617 979 1617 981 1617 981 1617 989 1623 1000 1632 1028 1632 1048 1621 1054 1676 1058 1687 1031 1702 1029 1702 1029 1702 1028 1702 1028 1702 1028 1702 1026 1702 1026 1702 1025 1702 1025 1702 1025 1702 1023 1702 1023 1702 1011 1691 972 1702 970 1702 970 1702 968 1702 968 1702 904 1696 876 1693 864 1698 793 1727 793 1727 792 1727 792 1727 792 1727 790 1727 790 1727 789 1727 789 1727 789 1727 745 1705 737 1701 732 1705 701 1735 701 1737 701 1737 700 1737 700 1737 700 1737 698 1737 698 1737 698 1737 548 1740 546 1740 546 1740 545 1740 545 1740 545 1740 543 1740 543 1740 517 1718 501 1705 482 1718 481 1718 481 1718 479 1718 479 1718 479 1718 478 1718 478 1718 478 1718 476 1718 476 1718 475 1718 475 1718 459 1705 371 1705 345 1727"/></Shape>
	    <String CONTENT="Seroit ce pas grand deshonneur"
                    HPOS="334"
                    VPOS="1617"
                    WIDTH="724"
                    HEIGHT="123"></String>
          </TextLine>

          
        </TextBlock>
        
        <TextBlock HPOS="1094"
                   VPOS="1693"
                   WIDTH="59"
                   HEIGHT="60"
                   ID="eSc_textblock_ce85987f"
                   TAGREFS="BT1700">
          <Shape><Polygon POINTS="1094 1693 1094 1753 1153 1753 1153 1693"/></Shape>
          
          
          <TextLine ID="eSc_line_12d8be75"
                    TAGREFS="LT568"
                    BASELINE="1097 1740 1151 1740" 
                    HPOS="1093"
                    VPOS="1688"
                    WIDTH="57"
                    HEIGHT="75">
            <Shape><Polygon POINTS="1095 1738 1095 1688 1150 1699 1150 1738 1148 1763 1093 1760"/></Shape>
	    <String CONTENT="De l"
                    HPOS="1093"
                    VPOS="1688"
                    WIDTH="57"
                    HEIGHT="75"></String>
          </TextLine>

          
        </TextBlock>
        

        
      </PrintSpace>
    </Page>
  </Layout>
</alto>
