1268 1859
114 106 688 73 DE D. P. DV GVILLET.

77 188 533 81 De la laiſſer ainſi pucelle?

80 258 622 79 Ie ne dy pas, que ce fust celle,

96 329 496 70 Qui m’à donné l’ocaſion.

110 391 609 79 Cherchons autrɇ ocupacion

83 467 563 76 Pour paruenir à la legiere:

83 531 656 79 Car voluntiers vnɇ eſtrangiere

82 605 655 70 Sera touſiours la mieux venue,

85 664 756 87 Pour autant, que quand ellɇ et nue,

83 742 589 79 Elle change d’acouſtrement:

80 810 670 79 Comme celuy, qui point ne ment,

83 872 664 82 Quand il s’excuſe ſur vn conte.

106 941 696 84 Nul n'est tenu de rendre compte

80 1010 557 82 (Apres la paye) du receu.

82 1073 632 90 O qu'il est bien pris, & deceu

75 1146 751 82 Le doux Pigeon aux Tourterelles!

108 1211 681 91 Laiſſons celà: ce ſont querelles,

89 1287 779 74 Que les Gracz eurent aux Troyens.

83 1361 661 76 On ne vid oncq' tant de moyens

80 1423 651 85 Depuys que le tabourin ſonne.

122 1496 764 70 Qui ſçauroit comme l’eau de Saone

83 1560 764 113 Fait le beau taint aux Damoyſelles,

590 1643 125 90 E iiij

868 1620 131 172 Tant
