1219 1873
490 135 314 63 RITHMES

240 204 797 76 Tant de peine ne prendroient celles

237 280 589 75 A diſtiler pour ſe noircir,

240 346 696 75 (Ie voulois dirɇ à s’eſclarcir)

229 418 752 73 Leur blanchɇ, & delicate peau.

290 486 646 79 A mal iuger ne fault apeau:

235 554 816 82 Puys qu’on n’en paye, que l’amande:

239 627 731 73 Celuy, qui me doit, me demande.

287 693 766 78 Mais c’est choſe par trop notoire,

239 764 842 78 Que l’on nous peult bien faire croire,

240 833 693 78 Qu'vne robe faitɇ & à l’antique

232 899 716 81 Ne monſtre le corps ſi ethique,

239 970 742 78 Bien qu’il ſoit vn petit trop iuſte

229 1037 643 77 Pour courtiſaner à la buſte.

282 1106 816 84 Mais i’en croyrois pluſtost la preuue

234 1178 694 76 De ſon amy, quand il la treuue

237 1247 549 79 Sur le fait de la piperie.

292 1314 687 78 C’est ce, qui perd la confrerie

235 1381 815 83 De ſaint Amour, qui nous ſurprend,

235 1453 816 75 Puys qu’en lieu de donner on prend.

290 1517 744 82 Or à Dieu doncq' laſche iournée,

239 1592 765 104 Puys qu'ellɇ et ia tant ſeiournée,

1067 1673 80 70 Que
