1268 1859
110 99 727 80 DE D. P. DV GVILLET.

71 176 693 85 Que l’on n'en corne plus la priſe:

71 246 635 83 Tant y va le pot, qu’il ſe briſe,

69 316 684 88 Qui nous fait apres bon meſtier.

91 385 612 82 S'elle ſçauoit bien le meſtier,

62 455 692 82 On ne craindroit point le danger

63 526 594 79 De ce plaidoyeur eſtranger:

62 594 669 75 Mais qu’on le plume ſans mentir

65 664 572 88 Auant qu’il le puiſſe ſentir.

289 752 358 79 LA NVICT.

58 869 884 80 La nuict eſtoit obſcure, triſtɇ, &, ſombre,

82 948 844 82 Toute tranquilɇ, & preſtɇ à malefice,

77 1016 885 77 Tous animaux reposãtz ſouz ſon ombre:

55 1084 864 85 Mais mon eſprit, treſprompt à ſon office,

72 1160 836 71 Ne permettoit au corps de ſommeiller

79 1222 858 82 Vn tant ſoit peu pour choſe, que ie fiſſe.

49 1290 912 84 Parquoy contraintɇ en mon lict de veiller,

74 1361 708 82 Entray ſi fort en contemplacion,

75 1426 879 79 Qu'õ ne m’eust ſceu en veillãt reſueiller:

49 1498 665 82 Lors trauaillaut l’imaginacion.

69 1564 837 107 Ie diſcourois plus auant que les cieux,

810 1649 146 151 Aue¬
