1268 1859
124 108 711 93 DE D. P. DV GVILLET.

102 204 887 79 Maint Laboureur, Noble, Marchant, &

144 271 201 83 Prebſtre.

88 328 741 88 Car ellɇ eſtoit de ſi bellɇ aparence,

110 404 747 91 Que pour pouuoir à elle paruenir,

108 474 758 85 L'vn ne faiſoit à l’autre difference.

88 543 807 79 Mais bien voyois de tous coſtez venir

110 610 883 94 Vn ſi grand peuplɇ, & gents à ſi grand

145 698 182 64 nombre,

110 748 865 85 Que de leurs noms ne me puis ſouuenir.

91 821 901 88 Et tant eſtoient, qu'ilz ſe faiſoient encõbre

103 890 887 79 Pour celle damɇ atoucher, & puis ſuiure

110 955 886 90 Comme captifz, & ioyeux de ſon ombre.

86 1027 907 85 Plus la ſuiuoiẽt, plus Ia vouloiẽt pourſuiure

106 1099 771 84 Son ſeul regard ſi fort les delectoit,

119 1171 873 82 Qu'ilz ne pouuoient, ſans ellɇ, vne heu¬

148 1240 203 72 re viure.

94 1302 766 87 Vne grand' Roynɇ à ſon coſté eſtoit

93 1367 909 93 (Deux, ou trois pas toutes fois plus arriere)

114 1446 792 83 Qui ſeptre d’or, & coronne portoit.

89 1510 757 85 Mais ellɇ alloit D'vne mode ſi fiere,

114 1573 780 112 Et d'vn orgueil ſi roguement enflée,

889 1646 107 133 Que
