1219 1873
414 148 312 76 RITHMES

243 227 843 80 Que de parler d'elle donnoit matiere.

210 293 801 81 Et toutesfois la pluſpart à l’emblée

250 362 901 82 Des pourſuyuantz à la Damɇ adreſſoit:

250 429 890 89 Parquoy vers ellɇ acouroit l’aſſemblée.

210 502 913 83 Le plus ſouuent pour eulx ellɇ opreſſoit

253 569 895 86 Tous ceulx, qui d’ellɇ au fort ne faiſoiẽt

307 625 163 94 conte,

259 703 784 85 Et au beſoing à part les delaiſſoit.

214 775 940 91 Mais au contrairɇ ellɇ eſtoit ſi treſprõpte

251 842 766 83 Pour auancer tous ſes fauoriſez,

259 914 864 83 Qu'elle faiſoit à tous les autres honte.

218 984 875 86 Parquoy les ſiens, eſtants ainſi priſez,

260 1055 893 87 Ne craignoient point ſouuent à repouſſer

270 1122 866 86 Ceulx qui n’eſtoient par ellɇ autoriſez.

226 1195 905 80 Dont en peu d’heurɇ elle vint à haulſer,

267 1265 891 77 Et tellement ſon grand pouuoir eſtendre,

270 1328 889 92 Que les plus loing craignoient la cour¬

326 1406 189 70 roucer.

229 1470 863 86 Et meſmement qu’elle faiſoit entendre

276 1538 875 82 A la grand' Damɇ à croire trop facile,

290 1607 877 109 Qu'elle pouuoit ſur les Roys entreprẽdre

1114 1673 53 81 Et
