1268 1859
86 96 730 79 DE D. P. DV GVILLET.

71 173 738 90 Et qu'il n'eſtoit choſe tant difficile,

94 246 870 88 N’engin ſi dur reduit ſouz ſon pouuoir,

97 314 718 77 Qui ne deuint incontinent docile,

74 377 842 89 Or la grand' Dame (à parler au deuoir)

91 450 848 90 Eſtoit aueuglɇ en ſa meſcognoiſſance,

91 526 849 84 Et ne vouloit ſes faultes point ſçauoir:

72 593 820 87 Et pour autant en ſa grande puiſſance

89 656 785 92 Se repoſoit ſur ceſtɇ auare Royne,

91 728 749 86 Remettant toutɇ en elle ſa fiance:

79 797 813 89 Qui par ſa facɇ atrayante, & ſeraine

83 865 830 86 Deſſus la terre, & la ronde machine

83 937 861 82 En peu de temps la vendit ſouueraine:

69 996 919 100 Veu qu'vne vieillɇ hideuſɇ, & qui rechine

86 1076 901 88 Touſiours des dẽtz de ſes mais embridez

85 1141 903 93 Sechɇ, & iaunatrɇ, à courbe, & longue

122 1211 181 84 eſchine,

57 1274 873 100 Iouɇ enfoncéɇ, yeux rouges tous ridez,

83 1349 850 91 Ce neantmoins ſongneuſɇ, & diligente

79 1414 696 96 A apeller les plus outrecuydez.

60 1484 783 97 Pour ſa moytié eſtoit demy Regente

79 1555 871 119 Pour ceſte Royne au beſoing ſoulager.

864 1645 109 79 Car
