1219 1873
492 129 319 77 RITHMES.

234 191 828 100 Car à ſeruir ne fut oncq' negligente.

200 274 800 86 Ceſtɇ en ce point venoit acourager

232 335 915 89 Ceulx de ſa ſortɇ, & ſi bien leur aydoit,

243 410 907 92 Qu’ilz venoiẽt tous de hainɇ à enrager.

206 474 942 101 Tout chacun (preſque) à les enſuyurɇ ar¬

296 561 130 68 doit.

239 611 872 94 Mais à l’eſcart ſeoit vne autre Dame,

242 685 909 89 Qui les mieux nez gentement retardoit.

203 753 940 94 La facɇ auoit rouge, commɇ vne flamme,

237 820 844 96 Et toutesfois d’vne maſque couuerte,

242 894 833 87 Se tenant loing de celle gent infame:

207 959 899 91 En faitz diſcretɇ, & en parler diſerte,

246 1025 904 105 Sur la grand' Dame ayãt touſiours l'œil

301 1092 150 94 droit,

242 1167 909 94 Maugré la Roynɇ à l’auarice experte:

209 1236 942 87 Ceulx qui fuyoiẽt le faulx aymãts Ie droit,

246 1307 901 93 La ſuyuoient tous, & la tenoiẽt de pres,

246 1375 905 93 Dont ilz eſtoient louez en maint endroit:

214 1443 939 88 Bien que ſouuent par les malings d’aupres

251 1515 813 83 Fuſſent moquez ſecretement à part,

253 1584 901 126 Et publicq' par motz, & ſigne expres

1042 1656 116 62 Mais
