1198 1845
127 99 741 85 DE D. P. DV GVILLET.

63 182 896 96 Mais la grãd Damɇ allãt en mainte part,

83 247 787 95 Touſiours tournoit ſa veuë çà, & là,

83 327 884 88 Dont ilz auoiẽt, maugré la Royne, part.

67 392 678 87 Et tellement, qu’elle voyant celà,

81 464 738 87 Pour les ouyr les faiſoit aprocher:

83 528 644 88 Car oncq’ à nul elle ne ſe cela.

72 601 892 90 Quand quelqu’vn d’eulx la pouuoit atou¬

121 671 115 77 cher,

79 731 883 99 Et bien au long ſon vouloir luy deduire,

81 808 781 88 Elle l’auoit plus que les autres cher:

64 880 877 90 Tant qu'ilz venoient par ſa clarté à luyre

78 953 830 83 Par deſſus tous, veu qu’elle les voyoid

70 1028 797 79 Ne la vouloir par les autres ſeduire.

55 1088 647 88 Außi deſia trop elle s’ennuyoit

76 1156 880 95 Des importuns, & de leur grã d'audace,

73 1223 743 85 Parquoy le plus eſle les renuoyoit.

55 1297 883 88 Lors voyoid-on chacun leur faire place,

75 1363 780 88 Bien que par fois les plus malicieux

72 1431 887 94 Les empeſchoiẽt par fait ou par menace:

53 1500 699 89 Et cà, & là couroient ambicieux,

79 1571 879 114 Qui machinãts d'vn acord ſe rengeoient

795 1660 166 86 Contre
