1219 1873
536 123 317 100 RITHMES

271 199 799 114 Contre les bons, auecq' les enuieux:

225 291 811 92 Mais à la fin de deſpit enrageoient:

267 363 859 86 Car ou la Dame honteuſe s’aprochoit,

259 427 902 92 Cõme confus, par les ſiẽs s’eſtrangeoiẽt

226 491 903 98 La Vieillɇ à lors ſes cheueux arrachoit

264 566 875 94 De grand' douleur, & de fine deſtreſſe,

260 638 871 89 Et à gaignez contrɇ eulx elle taſchoit.

225 707 787 95 En telle foulɇ, & ſi confuſe preſſe

254 777 874 87 D’elles chacunɇ à ſon proffit regarde,

260 842 898 97 Mais cõplaiſant touſiours à ſa maiſtreſſe

232 914 908 94 Tant les ſuiuy, qu’en fin ie me pris garde

257 981 896 99 De Monſtres maintz horribles, & dif¬

318 1070 202 77 formes,

256 1112 909 107 Que la grãd'dame auoit là pour ſa garde

226 1184 932 103 Leſquelz, combien que de diuerſes formes

262 1258 901 98 Ilz fuſſent tous, & ſans eſtre ſemblables,

260 1332 835 91 Si eſtoient ilz à mal faire conformes.

225 1398 878 98 M'eſbarbiſſant que ces gents miferables

264 1468 890 92 N’auoient horreur pour vn ſi vain deſir,

257 1537 904 94 De frequenter à l’entour de ces dyables.

225 1612 808 106 Si m'en enquis au long, & à loyſir,

1061 1673 98 78 D'vn
