1198 1845
81 110 714 79 DE D. P. DV GVILLET.

75 190 875 92 D'vn pourſuyuant, qui d’ardeur periſſoit

73 259 782 90 Pour paruenir au but de ſon plaiſir,

50 324 817 91 Mais la clarté, qui tant plaiſante yſſoit

73 393 860 91 (Ce me dit il) des yeux de la Princeſſe,

76 462 872 96 Tous pourſuyuants en ſortɇ eſblouiſſoit,

63 531 881 97 Que plus ſuoyẽt, & trauilloiẽt ſans ceſſe,

72 601 833 93 Plus ce trauail leur eſtoit grand repos,

75 671 827 93 Et pout tourment leur ſeruoit de lieſſe:

44 741 847 93 Encor' que point n’euſſent à tous propoz

70 805 788 95 Si bon aſpect d'elle, qu'ilz eſperoient,

67 879 877 92 Si n'estoient ilz pour celà moins diſpos:

39 948 876 91 Ains que touſiours apres ilz taſcheroient,

66 1020 773 83 Sans regarder que leur destruction,

64 1085 769 86 Et temps perdu les deſeſpereroient.

33 1151 831 98 Parquoy, voyant leur grand' confuſion,

58 1226 663 85 le ne me peu fenir alors de rire,

55 1288 792 97 Bien que ſentiſſɇ eſtrɇ vnɇ illuſion:

32 1362 647 87 Et d’vne ioyɇ entremeſlée d'ire

56 1429 725 91 Nou ſeulement me prins à deteſter

58 1495 855 107 Ces Monſtres vains, mais treſbien les

90 1574 192 103 maudire:

621 1654 34 74 F

847 1651 101 89 Veu
