1219 1908
515 139 312 82 RITHMES

233 214 890 97 Veu qu'ilz venoient le mondɇ inquieter,

275 292 891 92 Et ſi ne ſont d’eulx meſmes moins, qu'vne

326 387 178 61 ombre,

286 429 821 87 Qui le cerueau nous vient à hebeter,

230 499 926 86 Au librɇ arbitrɇ estant faſcheux encõbre

283 569 840 86 Pour coulourer noſtre concupiſcence

281 639 890 79 Noz vains deſirs, & folies ſans nombre.

232 709 937 87 Et nonobſãt qu’ilz n’ayent aucunɇ eſſence

289 782 598 81 Par vnɇ follɇ imagination

292 842 839 88 Nous en faiſons nostre vraye ſcience.

235 915 660 81 O' miſerablɇ eſt la condition

281 984 895 89 De nous humains! laquelle eſt touſiours

329 1050 207 91 prompte

281 1120 653 82 A inuenter nostre perditon.

237 1187 918 89 Mais ſur ce poinct ie voy l’aube, qui mointe

291 1264 886 81 Chaſſant bien long ceste tourbe nuiſante

292 1330 842 85 De Vaine gloire, Ambiton, & Honte:

235 1400 765 86 Si m'eſiouys en la clarté plaiſante

288 1470 883 83 De mon cler iours, que ie voy aparoiſtre,

292 1534 882 86 Pour eſclareir ma nuict treſmal plaiſante

292 1609 880 119 Comme il fait aſſez de ſoy cognoistre.

962 1693 210 70 DESES¬
