1198 1845
96 96 734 79 DE D. P. DV GVILLET.

69 178 927 80 DESESPOIR TRADVIT DE LA

169 246 681 79 proſe du Parangon Italien.

72 313 921 85 Si c'eſt Amour, Pourquoy m'occiſt il doncq’,

76 385 846 82 Qui tant aymay, & hayr ne ſceu oncq'?

72 453 878 85 Et s'il m'occiſt, pourquoy, plus oultre vis?

70 521 774 83 Et ſi ie vis, pourquoy ſont mes deuis

73 590 848 84 De deſeſpoir, & de plaintz tous confus?

70 662 866 77 Meilleur m'estoit, ſoudain que ne ie fus,

73 733 891 74 De mourir toſt, que de tant viure, meſmes,

78 801 833 79 Que mortel ſuis ennemy de moymeſmes:

72 868 819 79 Et ne puis, las! & ne puis voloir bien,

70 930 937 90 Ne voulant cellɇ en qui giſt l’eſpoir mien:

70 1008 875 74 Et ne puis rien fors ce que veult la dame

70 1074 934 82 De qui ſuis ſerf de cueur, de corps, & d’ame

70 1146 781 76 Eſtre ne peult mon mal tant lamenté,

75 1219 824 75 Que de plus grand ine ſoye tourmenté:

69 1280 938 79 Et ne pourrois monstrer ſi grand' douleur,

73 1348 935 81 Qu'encor plus grãd ne celaſt mon malheur.

67 1417 808 85 Las! ie ne ſuis priſonnier, ny deliure:

72 1483 743 85 Et ne me tient en eſpoir, ny deliure

75 1554 913 112 Mon bien ſeruir, qui de mort prend enuie.

613 1631 102 89 F ij

878 1635 117 97 Ie ne
