1219 1908
483 122 307 68 RITHMES

171 192 772 84 Ie ne ſuis mort, ny ie ne ſuis en vie,

171 270 920 87 Me contraignant à plaindre mon malayſe:

167 338 835 81 Et raiſon veult toutesfois que me taiſe

167 405 830 83 Pour n’offencer ce, que ſeruir deſire,

170 477 880 84 Que mon vouloir en mille partz deßire.

165 546 864 85 L’ame cognoiſt, que de ſi treſbas lieux,

162 613 936 92 Dont mes grandz pleurs montent iuſques

260 688 249 68 aux yeux,

160 745 882 97 Iamais les voix ne peuuent eſtrɇ ouyes,

160 820 825 87 Ny en haulteur ſi grande reſiouyes:

160 891 858 90 Car ce mien feu, qui peu à peu me fond,

160 952 856 92 Eſt dans mon cueur allumé ſi profond,

167 1022 931 97 Qu’il ne peult pas, biẽ qu’il ſoit grãd reluire

157 1097 936 95 Deuant les yeux, qui pour mal me conduire

159 1162 878 90 Font le Soleil de grand' honte retraire:

155 1230 890 96 Ainſi te meurs, eſtant contraint me taire.

151 1305 778 87 Pour moy ne voy remede ſuffiſant,

157 1368 907 94 Ne pour ma peinɇ aucun moyen duiſant:

157 1438 738 91 Car mon deſir a peur de deſirer:

157 1508 902 97 Qui tant plus croist, tant plus fait empirer

157 1577 859 106 Ce mien eſpoir, qui peu à peu me fault:

918 1669 170 83 Et toutes
