1198 1845
106 161 705 68 DE D. P. DV GVILLET.

64 246 791 70 Et toutesfois en moy point ne deffault,

67 301 768 81 N'y s’amoindriſt ma grande paßion:

59 373 803 80 Mais touſiours croiſt par obstination.

58 441 923 81 La Mort me ſuyt, non pour paix me dõner,

63 510 867 80 Mais ſeulement pour ne m’habandonner:

58 579 820 83 Außi cellɇ eſt, qui palliɇ, & adombre

59 647 922 83 De mes trauaux vn nõ gueres grand nõbre

59 719 840 82 Parquoy ie dy (ſans ailleurs recourir)

64 791 918 83 Qu’on peult trouuer plus grand mal, que

123 870 178 63 mourir:

56 924 875 83 Mais bien meilleur est mourir à qui ayme

55 999 893 78 En grand douleur, & peine tant extreme:

53 1060 837 88 Car, viuant, fault (miſerable ) qu’il ſente

55 1134 916 83 Les grandz douleurs de la peine preſente,

50 1202 742 83 Ayant touſiours du paßé ſouuenir:

50 1269 715 84 La craintɇ außi de celles à venir

50 1337 778 86 Inceſſamment luy redouble ſa peine:

49 1405 855 87 Parquoy ſa foy est en eſpoir bien vaine,

53 1472 832 88 Chetifz Amants: aucun ne deuſt s’offrir

50 1543 860 88 A tellɇ ardeur, peinɇ, à douleur ſouffrir

55 1609 915 102 En vn eſpoir (plus vain, que l’on ne penſe)

527 1689 108 123 F iij

805 1688 163 118 D'vne,
