1219 1908
515 176 312 62 RITHMES

241 244 892 86 D'vne, peult eſtre, ingratɇ recompenſe:

246 319 759 81 Car de l’amour la force tant aigue

245 392 896 77 Pour bien ſeruir ne peult estre vaincue.

248 454 734 75 Et pluſieursfois (& à la verité)

246 529 754 75 On void celuy, qui a moins merité

243 597 895 80 Eſtre, pour vray, le mieux recompenſé,

254 666 845 84 Qui ne deuſt eſtrɇ à tel bien diſpenſé.

249 737 844 73 En telle guerrɇ, ou vertu ſert de vice,

240 804 846 84 Ne vault auoir ferme foy, ny ſeruice.

243 872 926 82 Puis doncq' qu'on m'oſtɇ, & denie victoire

251 947 905 81 Qui m'eſtoit deuë, il eſt par trop notoire,

248 1012 853 80 Que là, ou meurt, & ou gloire deſuie,

251 1081 866 79 C’eſt gloirɇ außi que toſt meure la vie.

246 1147 882 83 Außi, ó dieux, auecq' ceſte mort mienne

241 1219 928 84 Mourront mes maux, & ma playɇ anciẽne,

251 1286 753 81 Mon eſperancɇ, & deſir obſtiné,

249 1354 772 83 Et non arbitrɇ en mal predestiné,

248 1426 907 86 Mon mal, nua peinɇ auecq' mes faſcheries,

251 1493 791 92 Amour außi auecq' ſes tromperies.

545 1566 355 87 CONFORT.

253 1629 803 123 Si l'on pouuoit par vn repentir cher

1021 1701 144 70 Donner
