1198 1845
98 87 717 89 DE D. P. DV GVILLET.

55 164 910 103 Donner remedɇ, & quelque exploit cher¬

121 255 112 70 cher

52 302 864 97 Aux maux receuz, & dommages paſſez.

63 382 733 82 Certainement i'en demourrois aſſez

58 445 813 90 Au dit de ceulx, qui ſont perſeuerants

61 513 880 91 En leur amour, ſans ſortir hors des rangs

61 582 915 89 Et qui (vrayment) ſont de tellɇ excellence,

69 653 821 97 Qu'en eulx vertu par longue pacience

59 722 693 91 S'eſuertuant plus fort ſe glorifie:

59 793 673 84 Naturɇ außi du tout s'y fortifie,

66 859 765 89 Et tellement, que deſſus eulx Fortune

66 927 873 95 N'a nul pouuoir, & n'a puiſſancɇ aucune

66 996 895 89 Sinon d’autaut, que le veult, & commande

69 1065 867 89 L'iniuſtɇ Amour, qui raiſon ne demande.

70 1136 874 87 Mais que te vault? Tu deſcharges ta dame

66 1200 827 91 En l’acuſant: & en luy donnant blaſme

66 1271 835 89 L'honores mieux: Vituperant la louës:

63 1345 739 83 La deniant plus fort tu la t’auouës.

67 1411 817 84 Et ſi tu veux, comme durɇ, & cruelle

67 1482 735 86 La blaſonmer, par raiſon naturelle

72 1554 801 124 Tu la viendras, comme iuſtɇ, adorer,

627 1620 123 100 F iij

875 1605 133 83 Et en
