1219 1908
595 81 302 127 RITHMES

267 211 740 84 Et en ton cueur ſa vertu odorer.

265 287 848 78 Car ce qui deuſt le noud lyer, le ſoult:

270 354 900 86 Ce qui deuroit biẽ fort cõtraindrɇ, abſoult:

264 427 834 83 Et ce que plus on deſtraint, & deſlie,

262 494 764 83 C’eſt ce qui plus eternellement lye.

254 564 912 86 La haulteur ſiennɇ, ou ſon cueur ſe pour¬

353 626 173 78 maine,

264 701 909 87 (Qui la demõstrɇ eſtre doucɇ, & humaine)

251 774 896 78 La contraint estrɇ en volunté treſrude,

256 842 834 80 Comme confitɇ en toutɇ ingratitude:

253 904 848 91 Mais elle faint, contre le ſien vouloir,

253 974 899 88 D'auoir d’amour vn constant nonchaloir:

253 1046 787 86 Car ſon deſir, & la crainte d’iniure

253 1119 864 81 Vainct ton ſeruir qui à t’aymer l’aiure.

245 1186 924 86 Parquoy ces partz, qui en toy ſont amables

243 1248 842 92 D'honneſteté, ſe font deſraiſonnãbles.

243 1321 732 82 Et ſon amour treſſaige contredit

240 1394 721 78 A ton vouloir de raiſon interdit.

240 1459 815 81 Son ſens aigu, ſon meur entendement

241 1526 780 91 Cognoiſt aſſez valeur apertement,

237 1597 854 150 Et qui l'incitɇ, & iour, & nuit conuie

1091 1683 72 89 A te
