<?xml version="1.0" encoding="UTF-8"?>
<alto xmlns:xsi="http://www.w3.org/2001/XMLSchema-instance"
      xmlns="http://www.loc.gov/standards/alto/ns-v4#"
      xsi:schemaLocation="http://www.loc.gov/standards/alto/ns-v4# http://www.loc.gov/standards/alto/v4/alto-4-2.xsd">
  <Description>
    <MeasurementUnit>pixel</MeasurementUnit>
    <sourceImageInformation>
      <fileName>98.jpg</fileName>
      
    </sourceImageInformation>
  </Description>
  
  <Tags>
    <OtherTag ID="BT1703" LABEL="TitlePageZone" DESCRIPTION="block type TitlePageZone"/><OtherTag ID="BT1695" LABEL="DropCapitalZone" DESCRIPTION="block type DropCapitalZone"/><OtherTag ID="BT1702" LABEL="StampZone" DESCRIPTION="block type StampZone"/><OtherTag ID="BT1701" LABEL="RunningTitleZone" DESCRIPTION="block type RunningTitleZone"/><OtherTag ID="BT1700" LABEL="QuireMarksZone" DESCRIPTION="block type QuireMarksZone"/><OtherTag ID="BT1699" LABEL="NumberingZone" DESCRIPTION="block type NumberingZone"/><OtherTag ID="BT1698" LABEL="MarginTextZone" DESCRIPTION="block type MarginTextZone"/><OtherTag ID="BT1697" LABEL="MainZone" DESCRIPTION="block type MainZone"/><OtherTag ID="BT1696" LABEL="GraphicZone" DESCRIPTION="block type GraphicZone"/>
    <OtherTag ID="LT570" LABEL="HeadingLine" DESCRIPTION="line type HeadingLine"/><OtherTag ID="LT569" LABEL="DropCapitalLine" DESCRIPTION="line type DropCapitalLine"/><OtherTag ID="LT568" LABEL="DefaultLine" DESCRIPTION="line type DefaultLine"/>
  </Tags>
  
  <Layout>
    <Page WIDTH="1219"
          HEIGHT="1908"
          PHYSICAL_IMG_NR="97"
          ID="eSc_dummypage_">
      <PrintSpace HPOS="0"
                  VPOS="0"
                  WIDTH="1219"
                  HEIGHT="1908">
        
        <TextBlock HPOS="419"
                   VPOS="157"
                   WIDTH="326"
                   HEIGHT="53"
                   ID="eSc_textblock_1f5aca14"
                   TAGREFS="BT1701">
          <Shape><Polygon POINTS="419 157 419 210 745 210 745 157"/></Shape>
          
          
          <TextLine ID="eSc_line_e53fafa7"
                    TAGREFS="LT570"
                    BASELINE="423 201 744 201" 
                    HPOS="421"
                    VPOS="141"
                    WIDTH="323"
                    HEIGHT="81">
            <Shape><Polygon POINTS="423 201 424 141 453 149 474 141 475 141 477 141 479 141 480 141 490 149 743 144 744 201 741 221 722 213 681 219 657 222 655 222 604 217 563 213 555 216 537 222 536 222 534 222 533 222 531 222 523 214 521 214 520 214 488 221 486 221 421 211"/></Shape>
	    <String CONTENT="RITHMES"
                    HPOS="421"
                    VPOS="141"
                    WIDTH="323"
                    HEIGHT="81"></String>
          </TextLine>

          
        </TextBlock>
        
        <TextBlock HPOS="220"
                   VPOS="227"
                   WIDTH="931"
                   HEIGHT="1462"
                   ID="eSc_textblock_986ae1e0"
                   TAGREFS="BT1697">
          <Shape><Polygon POINTS="220 236 248 1689 1013 1681 1151 1662 1135 1173 1051 968 1126 699 1144 398 1121 227"/></Shape>
          
          
          <TextLine ID="eSc_line_6ea9f35c"
                    TAGREFS="LT568"
                    BASELINE="221 287 1112 281" 
                    HPOS="216"
                    VPOS="224"
                    WIDTH="901"
                    HEIGHT="81">
            <Shape><Polygon POINTS="219 286 218 232 437 238 483 232 521 227 523 227 582 232 631 236 668 233 728 225 730 225 806 233 830 235 854 233 959 224 961 224 962 224 964 224 977 233 1107 235 1117 279 1107 298 1080 290 1018 298 999 300 997 300 996 300 988 298 959 289 950 298 948 298 948 300 946 300 945 300 943 300 900 297 805 290 795 297 792 300 790 300 789 300 787 300 760 297 722 290 716 295 709 300 709 302 708 302 706 302 556 303 555 303 553 303 552 303 552 302 544 295 541 292 510 292 504 295 488 303 486 303 432 305 431 305 429 305 428 305 413 294 412 294 407 294 342 302 340 302 338 302 323 294 299 305 297 305 295 305 294 305 292 305 292 303 283 295 243 302 241 302 240 302 216 292"/></Shape>
	    <String CONTENT="T’ayant touſiours au deuaut de ſes yeux,"
                    HPOS="216"
                    VPOS="224"
                    WIDTH="901"
                    HEIGHT="81"></String>
          </TextLine>

          
          
          <TextLine ID="eSc_line_9a416e69"
                    TAGREFS="LT568"
                    BASELINE="222 356 591 349 1102 352" 
                    HPOS="219"
                    VPOS="297"
                    WIDTH="883"
                    HEIGHT="79">
            <Shape><Polygon POINTS="222 356 219 308 276 298 276 298 278 298 391 305 399 298 399 297 399 297 401 297 401 297 401 297 402 297 402 297 404 297 404 297 467 305 480 297 482 297 482 297 483 297 483 297 483 297 485 297 485 297 486 297 520 305 625 297 627 297 627 297 627 297 669 305 744 297 744 297 746 297 746 297 810 305 813 305 816 305 865 297 865 297 867 297 867 297 867 297 868 297 868 297 868 297 884 305 886 305 886 305 902 297 902 297 902 297 903 297 903 297 905 297 1101 305 1102 352 1102 364 759 375 757 375 757 375 700 365 681 375 681 375 681 375 679 375 679 375 679 376 564 376 563 375 563 375 561 375 561 375 561 375 560 375 545 365 518 375 518 375 517 375 517 375 517 376 413 376 412 375 412 375 410 375 410 375 410 375 408 375 408 375 408 373 399 365 350 365 286 375 286 375 284 375 284 375 284 375 283 375 283 375 283 375 281 375 281 375 270 365 222 365"/></Shape>
	    <String CONTENT="Et que de cueur plus triſte, que ioyeux,"
                    HPOS="219"
                    VPOS="297"
                    WIDTH="883"
                    HEIGHT="79"></String>
          </TextLine>

          
          
          <TextLine ID="eSc_line_aa2894f7"
                    TAGREFS="LT568"
                    BASELINE="232 426 443 419 1134 419" 
                    HPOS="224"
                    VPOS="360"
                    WIDTH="909"
                    HEIGHT="88">
            <Shape><Polygon POINTS="230 424 224 376 235 367 235 367 237 367 237 367 237 367 238 367 238 367 238 367 240 367 346 375 351 375 351 375 364 364 364 362 364 362 366 362 366 362 366 362 367 362 367 362 367 362 369 362 369 362 370 362 370 362 370 362 394 375 396 375 402 375 440 367 440 367 440 367 442 367 533 372 595 375 603 370 615 362 617 362 617 362 617 362 619 362 619 362 620 362 620 362 620 362 622 362 622 362 622 362 636 370 647 376 692 376 701 368 711 362 712 362 712 362 712 362 714 362 714 362 714 362 716 362 716 362 717 362 739 368 767 376 816 376 829 367 833 362 833 362 835 362 835 362 837 362 837 362 837 362 838 362 838 362 838 362 840 362 840 362 849 367 860 372 868 365 876 360 878 360 878 360 878 360 880 360 880 360 881 360 916 360 916 360 916 360 918 360 918 360 918 360 919 360 926 365 938 373 973 364 988 360 989 360 989 360 991 360 991 360 991 360 993 360 1004 364 1028 370 1129 362 1133 418 1131 440 1072 445 1071 445 1071 445 1071 445 1069 445 1051 440 1026 434 999 440 977 445 977 445 977 445 975 445 975 445 975 445 973 445 959 440 940 434 929 440 924 443 923 443 923 443 921 443 921 443 921 443 919 443 919 443 918 443 918 443 918 443 916 443 916 443 913 440 905 434 897 440 892 443 891 443 891 443 891 443 889 443 889 443 887 443 887 443 887 443 868 440 848 435 840 440 827 446 827 446 827 446 825 446 825 446 825 446 824 446 824 446 762 438 755 438 754 438 747 445 747 446 747 446 746 446 746 446 746 446 744 446 744 446 744 448 541 448 539 446 539 446 537 446 537 446 537 446 536 446 536 445 526 437 523 435 506 437 450 445 450 445 448 445 448 445 448 445 447 445 424 437 420 435 418 437 408 445 408 446 408 446 407 446 407 446 407 446 405 446 405 446 405 448 338 448 337 446 337 446 335 446 335 446 335 446 334 446 334 446 323 437 319 435 230 435"/></Shape>
	    <String CONTENT="Tes plaintes void, &amp; ſans deſdain les liſe,"
                    HPOS="224"
                    VPOS="360"
                    WIDTH="909"
                    HEIGHT="88"></String>
          </TextLine>

          
          
          <TextLine ID="eSc_line_9ff2ffe7"
                    TAGREFS="LT568"
                    BASELINE="227 492 997 489" 
                    HPOS="219"
                    VPOS="432"
                    WIDTH="778"
                    HEIGHT="86">
            <Shape><Polygon POINTS="227 492 219 448 230 435 232 435 232 434 233 434 235 434 237 434 238 434 273 448 292 444 313 435 313 434 315 434 316 434 318 434 389 448 440 448 463 434 464 434 466 434 467 434 534 434 536 434 537 434 537 435 552 446 598 438 599 438 631 445 641 437 642 437 644 437 646 437 782 445 798 435 800 435 802 435 803 435 860 445 889 432 891 432 892 432 967 432 969 432 996 446 997 489 996 516 827 516 825 515 824 515 821 513 802 504 727 511 695 515 693 515 676 511 646 504 628 510 623 511 622 511 620 511 619 511 617 511 617 510 615 510 611 504 599 510 590 515 588 515 587 515 560 510 534 504 526 508 518 516 517 516 515 516 515 518 421 518 420 516 418 516 416 516 416 515 407 507 402 504 227 504"/></Shape>
	    <String CONTENT="D&#39;elles außi les piteux motz eſliſe,"
                    HPOS="219"
                    VPOS="432"
                    WIDTH="778"
                    HEIGHT="86"></String>
          </TextLine>

          
          
          <TextLine ID="eSc_line_1abade42"
                    TAGREFS="LT568"
                    BASELINE="227 562 1091 553" 
                    HPOS="224"
                    VPOS="502"
                    WIDTH="873"
                    HEIGHT="84">
            <Shape><Polygon POINTS="227 562 224 510 281 508 283 508 284 508 286 508 308 518 342 508 345 508 346 508 348 508 350 508 351 508 367 516 370 511 372 511 372 510 373 510 375 510 377 510 474 516 515 508 536 505 537 505 577 505 579 505 580 505 584 508 591 515 627 508 657 504 658 504 660 504 662 504 662 505 666 508 671 513 687 508 698 505 700 505 701 505 720 508 744 513 751 508 755 504 757 504 759 504 760 504 762 504 781 508 787 510 790 508 797 502 798 502 800 502 802 502 803 502 825 508 840 511 1097 509 1091 553 1093 562 1067 575 1066 575 1064 575 961 566 942 580 940 580 938 580 937 580 935 580 911 570 903 578 903 580 902 580 900 580 900 581 813 581 811 580 757 569 725 581 724 581 722 581 720 581 695 569 660 569 619 583 617 583 615 583 614 583 580 570 541 583 539 583 537 583 536 583 534 583 515 570 494 585 493 585 491 585 490 585 337 577 308 586 307 586 305 586 303 586 275 573 227 573"/></Shape>
	    <String CONTENT="Et que pour toy ellɇ à daigné mouuoir"
                    HPOS="224"
                    VPOS="502"
                    WIDTH="873"
                    HEIGHT="84"></String>
          </TextLine>

          
          
          <TextLine ID="eSc_line_60da23b7"
                    TAGREFS="LT568"
                    BASELINE="227 631 938 621" 
                    HPOS="224"
                    VPOS="569"
                    WIDTH="714"
                    HEIGHT="86">
            <Shape><Polygon POINTS="227 631 224 583 251 577 251 577 251 577 253 577 253 577 253 577 281 581 302 586 319 581 350 573 351 573 351 573 353 573 353 573 353 573 354 573 354 573 354 573 356 573 356 573 356 575 364 581 366 585 502 585 507 580 518 572 518 572 520 572 520 572 521 572 521 572 521 572 523 572 523 572 523 572 525 572 525 572 544 580 547 581 563 580 622 573 622 573 623 573 623 573 625 573 646 580 654 581 663 580 697 569 698 569 698 569 698 569 700 569 700 569 701 569 736 578 741 580 747 578 779 569 781 569 781 569 781 569 782 569 782 569 784 569 821 578 824 578 934 578 938 621 937 637 817 648 816 648 816 648 757 640 724 637 716 642 703 650 701 650 701 650 701 650 700 650 700 650 700 651 642 651 641 650 641 650 639 650 639 650 623 643 611 639 598 643 582 651 582 651 580 651 580 651 580 651 579 651 502 645 450 642 331 642 324 648 319 653 319 655 319 655 318 655 318 655 318 655 316 655 316 655 315 655 315 655 315 655 313 655 313 655 313 655 303 650 292 643 227 650"/></Shape>
	    <String CONTENT="La ſienne main à te faire ſçauoir"
                    HPOS="224"
                    VPOS="569"
                    WIDTH="714"
                    HEIGHT="86"></String>
          </TextLine>

          
          
          <TextLine ID="eSc_line_ac348dbb"
                    TAGREFS="LT568"
                    BASELINE="230 702 1112 694" 
                    HPOS="224"
                    VPOS="640"
                    WIDTH="893"
                    HEIGHT="86">
            <Shape><Polygon POINTS="229 701 224 659 251 647 253 647 254 647 256 647 276 656 370 647 372 647 498 655 544 645 545 645 547 645 580 653 596 643 598 643 599 643 601 643 603 643 604 643 619 653 652 643 654 643 655 643 657 643 658 643 674 653 784 645 786 645 787 645 789 645 797 651 811 642 813 642 814 642 816 642 862 642 864 642 865 642 876 651 959 643 961 643 997 650 1013 640 1015 640 1016 640 1018 640 1107 651 1117 693 1110 717 930 721 929 721 927 721 926 721 919 717 910 709 880 717 862 720 860 720 833 717 787 709 762 715 735 723 733 723 733 725 692 725 690 723 689 723 687 723 687 721 679 715 673 710 642 715 580 725 580 726 545 726 544 725 542 725 541 725 541 723 529 715 529 713 526 715 498 725 496 725 494 725 493 725 464 713 459 712 458 713 448 723 448 725 447 725 445 725 445 726 418 726 416 725 415 725 372 713 369 713 229 713"/></Shape>
	    <String CONTENT="Sa tendrɇ en toy, &amp; grand&#39; compaßion,"
                    HPOS="224"
                    VPOS="640"
                    WIDTH="893"
                    HEIGHT="86"></String>
          </TextLine>

          
          
          <TextLine ID="eSc_line_9ad95d5e"
                    TAGREFS="LT568"
                    BASELINE="235 771 918 761" 
                    HPOS="233"
                    VPOS="704"
                    WIDTH="685"
                    HEIGHT="89">
            <Shape><Polygon POINTS="235 771 233 718 342 725 373 718 407 710 407 710 407 710 408 710 408 710 410 710 410 710 410 710 412 710 412 710 412 712 418 718 424 723 479 723 491 718 514 710 515 710 515 710 515 710 517 710 517 710 517 710 552 718 572 721 599 718 668 707 668 707 669 707 669 707 669 707 728 718 733 718 735 718 746 707 746 705 746 705 747 705 747 705 747 705 749 705 749 705 749 705 813 704 814 704 814 704 915 718 918 761 918 771 803 788 803 788 803 790 747 790 746 788 746 788 744 788 744 788 744 788 743 788 743 788 743 787 735 780 627 790 627 790 625 790 625 790 623 790 623 790 623 790 603 779 584 788 584 788 584 788 582 788 582 788 582 788 580 788 580 788 579 788 579 788 579 788 577 788 577 788 569 782 560 790 560 791 560 791 558 791 558 791 558 791 556 791 556 791 556 791 555 791 466 785 426 793 426 793 426 793 424 793 424 793 423 793 423 793 423 793 421 793 421 793 404 780 235 780"/></Shape>
	    <String CONTENT="Te declarant par ſon affection"
                    HPOS="233"
                    VPOS="704"
                    WIDTH="685"
                    HEIGHT="89"></String>
          </TextLine>

          
          
          <TextLine ID="eSc_line_c43bc701"
                    TAGREFS="LT568"
                    BASELINE="232 837 1051 831" 
                    HPOS="225"
                    VPOS="779"
                    WIDTH="826"
                    HEIGHT="81">
            <Shape><Polygon POINTS="232 837 225 798 243 783 245 783 246 783 248 783 292 783 294 783 295 783 295 785 305 793 372 783 373 783 375 783 377 783 377 785 414 786 432 796 494 782 496 782 599 793 720 791 730 782 730 780 732 780 733 780 735 780 782 791 814 780 816 780 817 780 819 780 843 791 884 779 886 779 887 779 889 779 891 779 902 787 978 779 980 779 981 779 983 779 983 780 1005 782 1048 791 1051 831 1048 855 981 841 873 853 845 857 845 858 744 858 743 857 741 857 739 857 733 852 719 842 685 842 668 852 660 857 658 857 657 857 655 857 628 850 619 849 615 850 609 857 609 858 607 858 606 858 606 860 534 860 533 858 531 858 529 858 529 857 520 850 514 844 486 849 469 852 467 852 466 852 464 852 461 849 453 844 413 849 380 852 378 852 377 852 364 847 356 845 353 847 334 860 332 860 331 860 329 860 327 860 302 847 299 845 232 845"/></Shape>
	    <String CONTENT="Choſɇ à autruy non iamais acordée."
                    HPOS="225"
                    VPOS="779"
                    WIDTH="826"
                    HEIGHT="81"></String>
          </TextLine>

          
          
          <TextLine ID="eSc_line_449611e7"
                    TAGREFS="LT568"
                    BASELINE="232 911 1056 899" 
                    HPOS="224"
                    VPOS="842"
                    WIDTH="832"
                    HEIGHT="91">
            <Shape><Polygon POINTS="232 911 224 864 233 853 235 853 235 852 235 852 237 852 237 852 237 852 238 852 238 852 238 852 240 852 361 861 378 850 380 850 380 850 380 850 381 850 381 850 381 850 383 850 383 850 385 850 385 850 404 857 475 849 475 849 477 849 477 849 479 849 517 860 655 860 665 860 665 858 700 845 700 845 701 845 701 845 703 845 703 845 790 857 817 844 817 844 817 844 819 844 819 844 821 844 821 844 821 844 822 844 822 844 822 844 824 844 841 857 923 857 935 857 935 855 975 842 977 842 977 842 977 842 978 842 978 842 978 842 980 842 980 842 981 842 981 842 997 855 1053 855 1056 899 1055 928 1005 928 1004 926 1004 926 1002 926 1002 926 1002 926 1002 926 1000 926 978 911 943 926 938 928 938 928 937 928 937 928 937 928 813 930 811 930 811 930 810 930 810 930 810 930 808 930 802 925 797 922 782 925 763 930 762 930 762 930 760 930 760 930 760 930 759 930 759 930 759 930 749 925 739 920 725 925 714 928 712 928 712 928 712 928 711 928 711 928 709 928 697 925 682 920 677 925 671 930 671 931 669 931 669 931 669 931 668 931 668 931 668 933 630 933 628 931 628 931 627 931 627 931 627 931 625 931 625 931 625 930 619 923 615 920 467 917 437 922 421 925 421 925 420 925 420 925 389 922 353 919 348 922 337 931 337 933 337 933 335 933 335 933 334 933 334 933 334 933 332 933 332 933 331 933 331 933 331 933 329 933 311 922 308 920 232 920"/></Shape>
	    <String CONTENT="Ny par fortinɇ en diſcord recordée."
                    HPOS="224"
                    VPOS="842"
                    WIDTH="832"
                    HEIGHT="91"></String>
          </TextLine>

          
          
          <TextLine ID="eSc_line_d99cd23e"
                    TAGREFS="LT568"
                    BASELINE="233 976 891 969 1032 976" 
                    HPOS="229"
                    VPOS="915"
                    WIDTH="803"
                    HEIGHT="86">
            <Shape><Polygon POINTS="233 976 229 934 251 922 251 922 251 922 253 922 253 922 253 922 254 922 370 931 448 919 448 919 450 919 499 920 499 920 499 920 501 920 501 920 502 920 502 920 515 930 582 922 582 922 584 922 584 922 584 922 623 930 676 917 677 917 677 917 679 917 870 928 884 917 884 915 884 915 886 915 886 915 886 915 887 915 887 915 889 915 889 915 889 915 943 926 996 915 996 915 996 915 997 915 997 915 999 915 999 915 1032 928 1032 976 1032 998 962 998 961 996 961 996 959 996 959 996 959 996 958 996 958 996 958 996 958 995 951 990 940 996 940 996 938 996 938 996 937 996 937 996 937 996 935 996 910 995 816 990 810 995 806 998 806 998 805 998 805 998 805 998 803 998 803 998 803 1000 700 1000 698 998 698 998 662 992 639 988 628 992 603 1000 601 1000 601 1000 601 1000 599 1000 599 1000 598 1000 598 1000 576 992 560 985 510 985 434 985 429 988 413 1001 412 1001 412 1001 412 1001 410 1001 410 1001 410 1001 408 1001 408 1001 407 1001 356 988 350 987 233 987"/></Shape>
	    <String CONTENT="Or conſiderɇ en oultre, que depuis,"
                    HPOS="229"
                    VPOS="915"
                    WIDTH="803"
                    HEIGHT="86"></String>
          </TextLine>

          
          
          <TextLine ID="eSc_line_50b727b6"
                    TAGREFS="LT568"
                    BASELINE="240 1047 821 1041 929 1049" 
                    HPOS="235"
                    VPOS="987"
                    WIDTH="694"
                    HEIGHT="84">
            <Shape><Polygon POINTS="240 1047 235 1001 257 992 257 992 259 992 259 992 259 992 260 992 356 998 369 990 370 990 370 990 370 990 372 990 372 990 373 990 373 990 447 996 509 988 509 988 510 988 625 996 627 996 627 996 642 987 644 987 644 987 646 987 646 987 646 987 647 987 647 987 647 987 690 995 926 995 929 1049 927 1066 634 1060 630 1063 625 1068 625 1068 623 1068 623 1068 623 1068 622 1068 622 1068 622 1068 620 1068 620 1068 619 1068 619 1068 606 1063 598 1060 595 1063 588 1068 588 1070 588 1070 587 1070 587 1070 587 1070 585 1070 585 1070 585 1071 467 1071 466 1070 466 1070 464 1070 464 1070 443 1062 434 1058 393 1062 292 1068 291 1068 291 1068 291 1068 238 1058"/></Shape>
	    <String CONTENT="Que tu as mis ſus elle tes apuyz"
                    HPOS="235"
                    VPOS="987"
                    WIDTH="694"
                    HEIGHT="84"></String>
          </TextLine>

          
          
          <TextLine ID="eSc_line_77f9d46b"
                    TAGREFS="LT568"
                    BASELINE="235 1114 811 1111" 
                    HPOS="229"
                    VPOS="1054"
                    WIDTH="582"
                    HEIGHT="84">
            <Shape><Polygon POINTS="235 1114 229 1071 243 1057 243 1055 245 1055 246 1055 248 1055 249 1055 297 1068 323 1055 324 1055 326 1055 327 1055 354 1063 404 1055 405 1055 407 1055 408 1055 408 1057 424 1064 443 1064 467 1057 469 1057 471 1057 472 1057 474 1057 514 1068 587 1054 588 1054 590 1054 627 1066 647 1054 649 1054 650 1054 652 1054 654 1054 689 1065 714 1057 716 1057 717 1057 719 1057 720 1057 732 1068 808 1068 811 1111 811 1128 684 1136 682 1136 633 1128 627 1127 625 1128 615 1136 614 1136 612 1136 611 1136 609 1136 579 1127 577 1127 569 1135 569 1136 568 1136 566 1136 564 1136 563 1136 549 1130 469 1138 467 1138 466 1138 464 1138 464 1136 453 1127 451 1125 383 1125 381 1125 353 1138 351 1138 350 1138 348 1138 346 1138 329 1125 327 1125 235 1125"/></Shape>
	    <String CONTENT="Et deſdié tu totale fortune,"
                    HPOS="229"
                    VPOS="1054"
                    WIDTH="582"
                    HEIGHT="84"></String>
          </TextLine>

          
          
          <TextLine ID="eSc_line_bb21d36d"
                    TAGREFS="LT568"
                    BASELINE="246 1182 1126 1178" 
                    HPOS="238"
                    VPOS="1122"
                    WIDTH="887"
                    HEIGHT="86">
            <Shape><Polygon POINTS="245 1181 238 1136 248 1127 248 1125 248 1125 249 1125 249 1125 249 1125 251 1125 251 1125 251 1125 253 1125 253 1125 316 1135 316 1136 509 1136 510 1135 529 1125 529 1125 529 1125 531 1125 531 1125 531 1125 533 1125 533 1125 579 1133 595 1124 596 1124 596 1124 598 1124 598 1124 598 1124 599 1124 599 1124 599 1124 601 1124 601 1124 603 1124 619 1133 650 1124 652 1124 652 1124 652 1124 654 1124 654 1124 716 1133 746 1124 747 1124 747 1124 747 1124 749 1124 749 1124 749 1124 751 1124 784 1133 829 1122 830 1122 830 1122 832 1122 832 1122 833 1122 833 1122 833 1122 854 1132 886 1122 887 1122 887 1122 887 1122 889 1122 889 1122 891 1122 891 1122 918 1132 954 1122 956 1122 956 1122 958 1122 1121 1133 1125 1176 1125 1203 1077 1205 1075 1205 1075 1205 1075 1205 1074 1205 1074 1205 1074 1205 1072 1205 1071 1203 1061 1197 1055 1203 1053 1203 1053 1205 1053 1205 1051 1205 1051 1205 1051 1205 1050 1205 1050 1205 1050 1206 1002 1206 1000 1205 1000 1205 985 1202 924 1190 900 1202 892 1205 892 1205 891 1205 891 1205 891 1205 889 1205 832 1200 770 1195 763 1200 757 1205 757 1206 757 1206 755 1206 755 1206 754 1206 754 1206 754 1206 752 1206 752 1206 752 1206 751 1206 728 1198 725 1198 706 1198 521 1208 520 1208 520 1208 520 1208 518 1208 518 1208 490 1195 488 1195 485 1195 456 1208 456 1208 455 1208 455 1208 455 1208 453 1208 453 1208 451 1208 451 1208 416 1195 412 1194 245 1194"/></Shape>
	    <String CONTENT="Tu es venu trop plus hault, que la Lune"
                    HPOS="238"
                    VPOS="1122"
                    WIDTH="887"
                    HEIGHT="86"></String>
          </TextLine>

          
          
          <TextLine ID="eSc_line_1989659e"
                    TAGREFS="LT568"
                    BASELINE="243 1252 1072 1249" 
                    HPOS="241"
                    VPOS="1194"
                    WIDTH="831"
                    HEIGHT="79">
            <Shape><Polygon POINTS="243 1252 241 1200 313 1205 331 1200 345 1195 346 1195 346 1195 346 1195 348 1195 348 1195 350 1195 350 1195 350 1195 351 1195 351 1195 356 1200 364 1206 378 1200 383 1198 383 1198 385 1198 385 1198 385 1198 386 1198 386 1198 388 1198 388 1198 388 1198 389 1198 389 1198 391 1200 401 1208 485 1208 491 1202 496 1197 496 1195 496 1195 498 1195 498 1195 498 1195 499 1195 499 1195 499 1195 501 1195 501 1195 502 1195 525 1202 537 1205 547 1202 564 1195 564 1195 566 1195 566 1195 568 1195 568 1195 568 1195 569 1195 569 1195 569 1195 571 1195 580 1202 588 1208 650 1208 677 1203 735 1194 735 1194 736 1194 736 1194 736 1194 738 1194 738 1194 738 1194 757 1203 760 1206 860 1206 864 1205 876 1194 876 1194 878 1194 878 1194 880 1194 880 1194 881 1194 989 1194 989 1194 989 1194 1069 1206 1072 1249 1071 1262 682 1270 681 1270 681 1270 639 1262 633 1262 631 1262 622 1270 620 1270 620 1270 620 1270 619 1270 619 1270 619 1270 617 1270 617 1270 615 1270 615 1270 615 1270 601 1262 599 1262 599 1262 591 1270 591 1272 591 1272 590 1272 590 1272 590 1272 588 1272 588 1272 588 1273 488 1273 486 1272 486 1272 485 1272 459 1262 455 1262 448 1262 402 1272 402 1272 401 1272 401 1272 401 1272 399 1272 372 1262 367 1262 243 1262"/></Shape>
	    <String CONTENT="En loz, &amp; bruit, &amp; honorable fame,"
                    HPOS="241"
                    VPOS="1194"
                    WIDTH="831"
                    HEIGHT="79"></String>
          </TextLine>

          
          
          <TextLine ID="eSc_line_8fc246f6"
                    TAGREFS="LT568"
                    BASELINE="243 1321 1080 1314" 
                    HPOS="238"
                    VPOS="1257"
                    WIDTH="842"
                    HEIGHT="88">
            <Shape><Polygon POINTS="243 1321 238 1272 259 1262 259 1262 260 1262 260 1262 260 1262 262 1262 262 1262 262 1262 264 1262 264 1262 264 1262 280 1270 283 1273 286 1270 292 1265 292 1265 294 1265 294 1265 295 1265 295 1265 295 1265 297 1265 297 1265 297 1265 299 1265 299 1265 300 1265 300 1265 307 1270 311 1273 401 1273 408 1268 421 1262 421 1262 421 1262 423 1262 423 1262 423 1262 424 1262 424 1262 464 1267 496 1272 520 1267 549 1260 549 1260 549 1260 550 1260 550 1260 552 1260 552 1260 552 1260 563 1265 574 1272 585 1265 591 1260 593 1260 593 1260 593 1260 595 1260 595 1260 596 1260 596 1260 642 1264 704 1270 712 1264 717 1260 717 1259 719 1259 719 1259 719 1259 720 1259 720 1259 720 1259 722 1259 722 1259 724 1259 724 1259 733 1262 752 1272 865 1272 902 1260 911 1257 913 1257 913 1257 915 1257 915 1257 940 1259 1035 1268 1074 1257 1080 1314 1077 1338 1051 1327 959 1337 932 1340 932 1340 930 1340 930 1340 929 1340 929 1340 929 1340 923 1337 902 1327 881 1337 872 1341 872 1341 872 1341 870 1341 870 1341 870 1341 868 1341 790 1337 692 1329 681 1335 679 1337 677 1337 677 1337 677 1337 676 1337 676 1337 674 1337 674 1337 674 1337 673 1337 673 1337 673 1337 669 1335 662 1332 658 1335 652 1341 652 1341 652 1343 652 1343 650 1343 650 1343 649 1343 649 1343 649 1343 647 1343 531 1335 523 1341 523 1343 523 1343 521 1343 521 1343 521 1343 520 1343 520 1343 520 1343 518 1343 518 1343 475 1337 404 1345 404 1345 402 1345 402 1345 401 1345 353 1332 350 1332 243 1332"/></Shape>
	    <String CONTENT="Et tu te veux laiſſer choir en diffame!"
                    HPOS="238"
                    VPOS="1257"
                    WIDTH="842"
                    HEIGHT="88"></String>
          </TextLine>

          
          
          <TextLine ID="eSc_line_1d63062a"
                    TAGREFS="LT568"
                    BASELINE="249 1389 1074 1381" 
                    HPOS="248"
                    VPOS="1330"
                    WIDTH="826"
                    HEIGHT="81">
            <Shape><Polygon POINTS="249 1389 248 1338 299 1346 407 1338 445 1335 447 1335 501 1335 501 1335 501 1335 502 1335 502 1335 502 1335 504 1335 504 1335 504 1337 506 1338 510 1341 517 1338 520 1335 521 1335 521 1335 521 1335 523 1335 523 1335 523 1335 525 1335 525 1335 526 1335 526 1335 526 1335 528 1335 528 1335 531 1338 539 1345 569 1338 576 1337 576 1337 576 1337 577 1337 577 1337 577 1337 585 1338 614 1343 625 1338 633 1334 633 1334 633 1334 634 1334 634 1334 634 1334 636 1334 636 1334 638 1334 638 1334 649 1338 666 1345 738 1345 749 1338 757 1332 759 1332 759 1332 760 1332 760 1332 760 1332 762 1332 762 1332 803 1338 833 1341 970 1341 973 1338 980 1332 980 1330 980 1330 981 1330 981 1330 981 1330 983 1330 983 1330 983 1330 985 1330 1071 1338 1074 1381 1074 1394 1047 1407 1047 1407 1045 1407 1045 1407 1045 1407 1043 1407 884 1397 857 1408 857 1408 856 1408 856 1408 856 1408 854 1408 854 1408 786 1397 782 1397 779 1397 732 1410 730 1410 730 1410 730 1411 666 1411 665 1410 665 1410 663 1410 663 1410 663 1410 662 1410 647 1400 628 1410 628 1410 628 1410 627 1410 627 1410 627 1411 550 1411 549 1410 549 1410 504 1400 504 1400 504 1400 490 1411 490 1411 488 1411 488 1411 486 1411 486 1411 486 1411 485 1411 485 1411 485 1411 434 1400 429 1400 426 1400 404 1410 404 1410 402 1410 402 1410 402 1410 401 1410 401 1410 399 1410 399 1410 399 1410 397 1410 397 1410 386 1402 386 1402 249 1402"/></Shape>
	    <String CONTENT="Va, remerciɇ, &amp; te proſternɇ en face"
                    HPOS="248"
                    VPOS="1330"
                    WIDTH="826"
                    HEIGHT="81"></String>
          </TextLine>

          
          
          <TextLine ID="eSc_line_db5ee71e"
                    TAGREFS="LT568"
                    BASELINE="243 1456 1133 1448" 
                    HPOS="240"
                    VPOS="1396"
                    WIDTH="893"
                    HEIGHT="90">
            <Shape><Polygon POINTS="243 1456 240 1408 284 1402 284 1402 286 1402 286 1402 326 1407 370 1413 404 1407 436 1400 436 1400 437 1400 533 1400 533 1400 533 1400 533 1400 556 1405 582 1411 668 1405 757 1399 759 1399 759 1399 759 1399 794 1405 816 1408 837 1405 872 1397 872 1397 872 1397 873 1397 873 1397 873 1397 875 1397 875 1397 876 1397 876 1397 876 1399 883 1403 889 1410 954 1410 964 1403 981 1396 981 1396 981 1396 983 1396 983 1396 985 1396 985 1396 985 1396 1020 1403 1035 1407 1128 1403 1133 1448 1133 1478 964 1480 962 1480 962 1480 961 1480 961 1480 961 1480 956 1478 938 1469 919 1478 910 1481 910 1481 908 1481 908 1481 908 1483 845 1483 843 1481 843 1481 841 1481 841 1481 830 1477 813 1470 794 1477 773 1483 771 1483 771 1483 771 1483 770 1483 770 1483 770 1483 768 1483 768 1483 754 1477 741 1470 730 1477 717 1483 717 1483 717 1483 716 1483 716 1483 716 1485 595 1485 593 1483 593 1483 591 1483 591 1483 572 1475 563 1472 552 1475 518 1485 517 1485 517 1485 515 1485 515 1485 515 1485 514 1485 514 1485 490 1475 483 1472 482 1475 472 1483 472 1485 472 1485 471 1485 471 1485 471 1485 469 1485 469 1485 469 1485 415 1486 413 1486 413 1486 412 1486 412 1486 412 1486 410 1486 410 1486 410 1485 399 1473 397 1473 243 1473"/></Shape>
	    <String CONTENT="Deuaut les cieux, qui t’ont fait ceſte grace"
                    HPOS="240"
                    VPOS="1396"
                    WIDTH="893"
                    HEIGHT="90"></String>
          </TextLine>

          
          
          <TextLine ID="eSc_line_76701f1c"
                    TAGREFS="LT568"
                    BASELINE="245 1526 1083 1518" 
                    HPOS="241"
                    VPOS="1465"
                    WIDTH="842"
                    HEIGHT="88">
            <Shape><Polygon POINTS="245 1526 241 1475 364 1472 366 1472 366 1472 367 1472 367 1472 367 1472 373 1475 393 1483 426 1475 443 1470 445 1470 445 1470 447 1470 447 1470 485 1475 542 1481 665 1481 679 1475 692 1470 692 1470 693 1470 693 1470 695 1470 695 1470 695 1470 697 1470 714 1475 732 1480 862 1480 868 1475 887 1467 887 1467 889 1467 889 1467 889 1467 891 1467 891 1467 891 1467 892 1467 918 1475 921 1477 926 1475 953 1465 953 1465 954 1465 954 1465 956 1465 956 1465 956 1465 958 1465 958 1465 958 1465 959 1465 959 1465 970 1475 973 1477 1078 1477 1083 1518 1083 1537 1059 1547 1059 1547 1058 1547 1058 1547 1056 1547 1056 1547 981 1539 969 1537 965 1539 946 1547 946 1547 945 1547 945 1547 945 1547 943 1547 943 1547 943 1547 908 1539 907 1539 907 1539 895 1548 895 1548 894 1548 894 1548 894 1548 892 1548 892 1548 892 1548 736 1550 735 1550 735 1550 733 1550 733 1550 733 1550 732 1550 732 1550 732 1548 720 1540 716 1535 590 1535 576 1540 549 1551 549 1551 547 1551 547 1551 545 1551 485 1550 485 1550 485 1550 483 1550 483 1550 483 1550 482 1550 482 1550 482 1548 474 1542 471 1539 466 1542 451 1551 450 1551 450 1551 450 1551 448 1551 448 1551 448 1553 424 1553 423 1551 423 1551 421 1551 421 1551 421 1551 420 1551 420 1550 410 1542 405 1539 351 1539 345 1542 329 1550 329 1550 329 1550 327 1550 327 1550 327 1550 326 1550 326 1550 324 1550 324 1550 324 1550 323 1550 323 1550 313 1542 308 1539 245 1542"/></Shape>
	    <String CONTENT="D&#39;eſtre venu en ce temps pour la voir"
                    HPOS="241"
                    VPOS="1465"
                    WIDTH="842"
                    HEIGHT="88"></String>
          </TextLine>

          
          
          <TextLine ID="eSc_line_6d073cbd"
                    TAGREFS="LT568"
                    BASELINE="254 1596 1120 1586" 
                    HPOS="251"
                    VPOS="1534"
                    WIDTH="869"
                    HEIGHT="90">
            <Shape><Polygon POINTS="254 1596 251 1547 358 1542 359 1542 359 1542 359 1542 361 1542 373 1545 396 1553 451 1545 494 1540 494 1540 496 1540 496 1540 498 1540 517 1545 537 1551 544 1545 549 1542 549 1540 549 1540 550 1540 550 1540 552 1540 552 1540 552 1540 553 1540 553 1540 553 1540 555 1540 555 1540 556 1540 564 1545 572 1550 582 1545 590 1542 590 1542 591 1542 591 1542 591 1542 593 1542 633 1545 681 1550 709 1545 759 1537 759 1537 760 1537 760 1537 760 1537 762 1537 762 1537 762 1537 779 1545 786 1548 819 1545 916 1535 916 1535 918 1535 918 1535 919 1535 919 1535 919 1535 921 1535 921 1535 921 1537 930 1545 934 1548 964 1548 965 1545 975 1535 975 1535 975 1534 975 1534 977 1534 977 1534 978 1534 978 1534 978 1534 980 1534 980 1534 981 1534 1023 1545 1024 1545 1024 1545 1034 1537 1034 1537 1035 1537 1035 1537 1037 1537 1037 1537 1037 1537 1039 1537 1039 1537 1040 1537 1071 1545 1072 1545 1072 1545 1088 1534 1090 1534 1090 1534 1090 1534 1091 1534 1091 1534 1093 1534 1093 1534 1093 1534 1094 1534 1094 1534 1118 1545 1120 1586 1118 1604 1063 1617 1063 1617 1063 1617 1061 1617 1061 1617 1059 1617 1059 1617 1059 1617 1035 1605 1032 1604 1024 1605 969 1618 969 1618 969 1618 967 1618 967 1618 965 1618 965 1618 935 1605 932 1604 930 1605 919 1617 919 1617 919 1618 919 1618 918 1618 918 1618 918 1618 916 1618 916 1618 916 1620 860 1620 859 1618 859 1618 857 1618 857 1618 857 1618 856 1618 838 1607 808 1620 808 1620 806 1620 806 1620 806 1620 805 1620 805 1620 749 1613 681 1621 681 1621 679 1621 679 1621 679 1621 677 1621 677 1621 676 1621 663 1613 611 1621 611 1621 609 1621 609 1621 609 1621 607 1621 607 1621 607 1621 584 1609 582 1607 580 1609 566 1621 566 1621 564 1621 564 1621 564 1621 563 1621 563 1621 563 1621 528 1623 528 1624 471 1624 469 1623 469 1623 467 1623 467 1623 467 1623 466 1623 466 1623 466 1621 451 1610 450 1609 399 1609 396 1610 388 1618 388 1618 388 1618 386 1618 386 1618 385 1618 385 1618 385 1618 383 1618 383 1618 381 1618 381 1618 381 1618 380 1618 380 1618 370 1610 369 1610 254 1610"/></Shape>
	    <String CONTENT="Tellɇ, ou Naturɇ a mis tout ſon ſçauoir:"
                    HPOS="251"
                    VPOS="1534"
                    WIDTH="869"
                    HEIGHT="90"></String>
          </TextLine>

          
          
          <TextLine ID="eSc_line_748810be"
                    TAGREFS="LT568"
                    BASELINE="265 1666 848 1664 1148 1656" 
                    HPOS="262"
                    VPOS="1599"
                    WIDTH="885"
                    HEIGHT="115">
            <Shape><Polygon POINTS="264 1664 262 1607 459 1618 564 1618 591 1604 593 1604 595 1604 671 1617 698 1607 700 1607 701 1607 795 1615 825 1602 827 1602 829 1602 830 1602 865 1613 883 1605 884 1605 886 1605 887 1605 889 1605 903 1615 1004 1615 1021 1601 1023 1601 1024 1601 1026 1601 1028 1601 1053 1610 1063 1602 1063 1601 1064 1601 1066 1601 1142 1599 1147 1655 1145 1691 1088 1691 1086 1691 1063 1709 1061 1709 1059 1709 1058 1709 1056 1709 1016 1698 1008 1707 1007 1707 1007 1709 1005 1709 1004 1709 1004 1710 969 1710 967 1709 965 1709 942 1698 900 1709 899 1709 897 1709 895 1709 894 1709 873 1694 835 1694 797 1707 795 1707 794 1707 792 1707 790 1707 784 1702 779 1709 778 1709 778 1710 776 1710 775 1710 773 1710 684 1701 673 1710 671 1710 669 1710 614 1712 612 1712 611 1712 609 1712 590 1696 533 1712 531 1712 529 1712 471 1704 426 1714 424 1714 348 1698 345 1698 264 1698"/></Shape>
	    <String CONTENT="Telle pour qui, pour non la voir, plaindrõt"
                    HPOS="262"
                    VPOS="1599"
                    WIDTH="885"
                    HEIGHT="115"></String>
          </TextLine>

          
        </TextBlock>
        
        <TextBlock HPOS="1089"
                   VPOS="1677"
                   WIDTH="63"
                   HEIGHT="62"
                   ID="eSc_textblock_51cd33b6"
                   TAGREFS="BT1700">
          <Shape><Polygon POINTS="1090 1687 1089 1739 1152 1728 1152 1677"/></Shape>
          
          
          <TextLine ID="eSc_line_29b8e567"
                    TAGREFS="LT568"
                    BASELINE="1096 1729 1150 1722" 
                    HPOS="1088"
                    VPOS="1672"
                    WIDTH="62"
                    HEIGHT="73">
            <Shape><Polygon POINTS="1094 1728 1088 1677 1141 1672 1148 1721 1150 1731 1121 1745 1121 1745 1121 1745 1120 1745 1120 1745 1120 1745 1118 1745 1118 1745 1093 1741"/></Shape>
	    <String CONTENT="Tous"
                    HPOS="1088"
                    VPOS="1672"
                    WIDTH="62"
                    HEIGHT="73"></String>
          </TextLine>

          
        </TextBlock>
        

        
      </PrintSpace>
    </Page>
  </Layout>
</alto>
