1198 1845
101 124 734 58 DE D. P. DV GVILLET.

47 181 923 94 Tous Siecles ſaintz, qui apres toy viendrõt

44 258 857 87 Ne cherche point remedɇ à prendre fin

44 327 724 85 N'a te priuer de ſa preſencɇ, à fin

47 399 723 80 Que de ta mort la nouulelle piteuſe

43 462 882 82 Ne luy cauſaſt douleur, & viɇ honteuſe.

39 539 771 76 S'elle te veult auecq' pitié pouruoir,

44 605 814 83 Ne dois-tu point plus toſt deſirer voir

39 676 826 75 La tienne mort auecq' Ie ſien honneur,

44 741 930 84 Que voir ſa coulpɇ, & ta viɇ en bõ heur?

43 813 832 77 Et ſi elle eſt pour ta douleur en peine,

39 880 820 82 Ou en ſoucy, tien pour choſe certaine,

47 947 804 83 Que ſon vouloir raiſonnable conteſte

38 1014 749 83 A ſatisfairɇ à ton vouloir moleſte.

38 1087 801 76 Ayes douleur de ſa peinɇ & miſere.

36 1154 815 85 La deſchargeant de coulpe ſi legiere:

41 1228 703 80 Preferɇ außi ſa ſainte renommée

36 1299 780 66 A viɇ eſtant de toy tant peu aymée.

38 1362 803 80 Conforte toy, qu’ellɇ eſt ſeule la cauſe

35 1429 933 85 De ton trauail, qui ne peult trouuer pauſe.

36 1500 723 80 Conforte toy par propos immortel,

44 1569 744 125 Que de ton mal le fondement eſt tel,

859 1642 105 93 Que
