3456 4677
1052 857 805 80 DE M. DES ROCHES.

2149 853 50 90 4

680 974 647 114 Par l'éfort de ſa lance.

776 1138 807 116 Courte d’argent & de raiſon,

696 1226 717 91 Ie veus bâtir vne Maiſon,

696 1317 626 91 Et trouuer vne bourſe,

698 1395 978 99 En creuſant vn vieux Fondement,

701 1475 709 102 D'vn miſerable bâtiment,

704 1561 693 107 Qui n'a peint de reſource.

774 1727 863 102 La fieure tient mon cher ſouci,

706 1808 751 109 Ie languis de la fieure außi,

701 1899 694 83 Mon Mari d'vn caterre,

709 1979 673 94 La maladie â pris acces,

704 2063 758 101 A Medecins, Iuges, proces,

722 2146 688 101 Trois pestes de la Terre.

782 2315 875 98 Au lieu de manger & dormir,

717 2400 842 107 Le plaint, le pleur, & le gemir,

719 2491 619 94 Me ſeruent de viande,

724 2590 871 99 Ie n’oy qu’vn propos ennuyeux,

730 2671 810 106 Ie n'ay qu’vn penſer odieux,

740 2756 730 86 Qui maitre me commande.

805 2925 863 102 Mes maux ſe ſuiuent de ſi pres,

750 3011 738 112 Que du ſeul funeſte cypres,

737 3115 655 88 Maintenant i'ay enuie,
