3456 4677
1003 875 823 75 DE M. DES ROCHES.

2149 876 50 98 5

1380 1028 63 55 2.

674 1071 129 180 C

815 1056 1322 121 Eluy qui d'vn clin d’œil forma la terre & londe,

815 1165 1228 97 Qui fait luyre ſur nous les celeſtes flambeaux,

670 1239 1260 99 Qui du vent de ſa voix fit les ornemens beaux,

670 1319 1434 94 Dont l’accord diſcordant tient les membres du monde

729 1395 1182 117 Uoit ores par quel art vostre plume feconde

670 1494 1375 83 Donne vie & honneur à deus Rochers nouueaux,

670 1569 1346 109 Ie crains quil vous puniſſe auec ſes iustes fleaux,

673 1652 1335 104 Comme larron du feu de la grand' torche blonde.

722 1733 1289 114 Prenez donc s’il vous plaiſt vn plus digne ſuiet,

670 1818 1216 109 Uray, acomply, ſacré, ſaint & louable obiet,

675 1909 1260 91 Qui fera bien en vous renaistre vn autre foye:

743 1990 1218 91 Non comme Promethé pour la terre amollir,

670 2076 1174 98 Ny pour vouloir vn roc parer & embellir,

673 2156 1249 114 Que d’vn aigle nouueau vous ne ſoiez la proye.

1392 2268 62 74 3.

690 2303 105 175 T

803 2307 1170 125 Out ainſi qu'Eumetis, & la docte Aſpaſie,

803 2408 1396 117 Ont pris des ſçauants Grecz le plus digne ornement,

673 2496 1288 112 Uous me voulez donner forme & entendement,

675 2582 1117 115 Par les excellents traitz de voſtre poeſie:

748 2671 1026 111 La grande Diotime à eu l’ame ſaiſie

673 2756 1234 104 De ce Dæmon qui va les ames transformant,

675 2839 959 110 Et ſage vous allez le vice reformant

680 2920 1125 117 Par la ſainte raiſon, vostre guide choiſie.

753 3008 1343 120 Uous ſçauez plus de loix que Lycurgue & Solon:

686 3094 1104 117 Uous eſtes eſleue ſur le char d'Apollon

1848 3192 67 101 B
