3456 4677
1447 869 963 74 NOVVELLES OEVVRES

1187 974 1143 99 Uous eſtes fauory de la plus chaste Muſe.

1268 1062 1192 91 Si ie peus faire voir vostre renom tant beau,

1195 1143 1265 101 C'eſt monstrer le Soleil auecques vn flambeau.

1197 1234 1162 98 Ainſi le non pouuoir me ſeruira d'excuſe.

1708 1399 511 89 QVATRAINS.

1926 1570 47 82 1

1234 1644 1328 91 Uoftre temple eſt poly comme vn marbre de Pare:

1208 1730 1148 91 Ne ſouhaitez celuy d’vn tenebreux Rocher,

1210 1821 1292 93 Uostre esprit excellent ce temple honore & pare,

1213 1901 1177 84 Et toutes les vertus s’en veulent approcher.

1283 2065 972 99 Uoſtre Sommeil preſent des Cieux,

1911 2003 43 78 2

1218 2148 671 107 Repare la force afoiblie:

1221 2231 946 99 Uoſtre Ueiller preſent des Dieux,

1223 2315 788 101 Nous rend la perdurable vie.

1236 2482 51 176 I

1287 2478 1213 113 E croy que le bonheur ne dépend que de nous,

1291 2591 1283 102 Madame & que chaſcun peut forger ſa fortune:

1223 2671 1152 96 Le fol trop indiſcret ſe la rend importune,

1221 2751 1221 99 Le ſage la conduit d'vn mouuement plus dous.

1286 2837 1229 91 La preuue s’en fait claire aux actions de tous,

1221 2917 1177 91 Au theatre mondain de la fable commune,

1229 2995 1346 97 Tous les humains enclos ſoubz le Ciel de la Lune,

1229 3089 1340 104 Trament leur bien & mal leur plaiſir & courrous.
