3456 4677
1021 912 804 81 DE M. DES ROCHES.

2137 915 62 90 6

756 1008 1026 106 Celle qui a de l’heur ſans eſtre mariée,

662 1088 1130 117 Elle est heureuſe außi en ſe trouuant liée

662 1177 1333 119 Aux ſainctes loix d’Hymen, & ſi amour l’esprit

711 1260 1300 114 Auec l’heureux flambeau d vn chaste mariage,

670 1338 1242 124 Elle est heureuſe encor en ſon ſimple veufuage

670 1423 1229 125 Pource que ſon bonheur depend de ſon Eſprit.

823 1587 1154 125 Poitiers à Meſſieurs des Grandz Iours.

667 1738 156 191 N

836 1746 1292 145 Y mes Rochers hautains qui voiſinent les Cieux,

830 1839 1194 133 Ny de mes chams fleuris l’abondance fertille,

670 1912 1156 130 Ny du Paſſe-lourdin la demarche ſubtille,

665 1998 1203 130 Ny de mes dous Zephirs le ſoupir gracieux,

727 2089 1190 111 Ny mes eſpris locauls mes tutelaires Dieux

665 2161 1192 135 Ny de ma chere Echo la voix douce-gentille,

673 2250 940 122 Ny de mes Citoyens la police ciuile,

657 2330 1258 143 Ny de mes temples ſaintz le chœur deuotieux,

719 2424 1281 143 Ny de ma grand' Themys la prudence honorée,

654 2512 998 117 Ny de mes ſages loix la force reuerée

665 2593 1237 137 Ny du Ciel fauorable vn œil touſiours benin,

724 2684 1328 140 Ne ſçauroient m’animer autant que ces Orphées,

657 2767 1109 124 Qui tirant de l’oubly mes gloires eſtoufees

654 2852 1240 123 Me font luyre par tout comme vn astre diuin.

1817 2977 129 117 B ij
