3456 4677
1439 892 983 101 NOVVELLES. OEVVRES

1322 1010 1268 164 La meſme Ville au Roy.

1185 1216 106 171 S

1309 1197 697 109 IRE ſi mon obeyſſance,

1298 1286 734 97 Et mon loyal deportement,

1177 1379 790 102 Merite quelque recompance,

1187 1452 842 112 Ie vous requiers vn Parlement.

1236 1603 1050 122 A vous mon Roy ie me veus plaindre,

1187 1717 803 83 Et vous conter yci comment,

1187 1769 1151 119 Ie crains ceux qui me deuroient craindre,

1190 1868 865 111 Par faute d’vn bon Parlement.

1244 2026 982 107 Mes voiſins me font tant d iniure,

1192 2120 751 117 Que ie deſire inceſſamment,

1187 2203 821 109 Cuerir la peine que i'endure,

1195 2286 886 104 Par le moyen d vn Parlement.

1247 2452 811 112 Mon ame esperdue s’enuole,

1197 2551 848 114 Ie pers preſque tout ſentiment,

1192 2629 962 112 Mais ie prendray cueur & parole,

1203 2723 735 101 Si ie reçoy vn Parlement.

1268 2878 922 112 La belle & ſainte vierge Astrée

1208 2975 826 109 Ne ſeroit plus ſi longuement,

1218 3058 658 93 Sans viſiter cette contrée

1213 3141 722 91 S'il y auoit vn Parlement.
