3456 4677
1013 883 834 78 DE M. DES ROCHES.

2118 857 54 105 7

704 992 787 96 L'on verroit le mutin rebelle

670 1078 811 106 Craindre le iuste chastiment,

647 1161 686 104 Et cette ſuperbe Rochelle

652 1249 714 89 Obeyr à mon Parlement.

701 1410 821 110 Doncques Sire ie vous ſuplie,

644 1501 876 81 Auoir pitié de mon tourment,

649 1582 845 86 Et me donner l’ame & la vie,

652 1665 870 99 En me donnant vn Parlement.

714 1834 972 106 Il est vray que la grace est grande,

649 1920 933 91 Mais ce n'est pour moy ſeulement,

722 2005 837 91 eſt pour vous que ie la demande

662 2081 821 114 Qui ſerez chef du Parlement.

709 2252 761 104 Uous ferez chaſtier le vice,

644 2333 865 93 Par vn Royal commandement:

644 2426 792 99 Mais on n’obſerue la iustice

649 2517 769 86 Sinon auec vn Parlement.

711 2686 819 99 On me pille, ruyne, & mange,

654 2772 907 93 Tous maux ſe ſont impuniment,

649 2852 1024 97 Las! s il vous plaist que ie me vange,

660 2943 930 81 Donnez moy donc vn Parlement.

730 3115 717 99 Par la parole toute choſe

1692 3180 156 121 B iij
