3456 4677
1585 891 857 75 NOVVELLES OEVVRES

1229 1000 803 101 Est faite ſous le firmament:

1223 1096 793 96 Uoila pourquoy ie me diſpoſe

1226 1174 759 91 De requerir vn Parlement.

1286 1327 912 107 Ie l’eu du Roy Charles ſeptieſme,

1223 1413 764 101 Et le garday heureuſement:

1223 1496 941 107 Plaiſez vous donc faire de meſme,

1226 1584 834 86 Et me rendez mon Parlement.

1224 1749 106 172 P

1341 1734 1147 105 Oitiers tu fus iadis le teſmoin de ma gloire

1341 1839 1003 86 Lors que des ennemis les violens effors

1236 1920 1362 91 Couuroient ton petit Clain de tant & tant de cors,

1223 1998 1227 104 Dont les eſpritz erroient deſſus la riue noire.

1278 2091 1200 91 Auec le fer tranchant ie graue la memoire

1213 2172 1130 93 De mon nom immortel defiant mille mors,

1216 2255 1361 101 Aiant le cueur hautain, les bras puiſſans & fors

1216 2333 1288 99 Ma langue ne chantoit que Uictoire, Uictoire.

1286 2426 1187 94 Tuant mon aduerſaire, ores ie meurs en toy,

1221 2509 1182 112 Et te donne mon ſang pour preuue de ma foy,

1221 2600 1346 102 Ie donne au Dieu guerrier mes forces & mes ruſes,

1270 2686 1364 91 Mes graces a l Amour, & mon eſprit aux Cieux,

1218 2767 1170 93 Le dueil a mes amis les larmes à tous yeux,

1213 2852 1406 99 Mon ſeruice a mon Roy & mon renom aux Muſes.

1232 3012 121 172 V

1373 3001 928 120 Ous auez viole, le droit & l'equité

1373 3102 1263 109 Renonçeant a la foy promiſe a noſtre France,
