3456 4677
1021 867 836 83 DE M. DES ROCHES.

2137 869 51 97 8

662 984 1211 104 Uous voiant ſans la foy, l’eſpoir vous a quité,

654 1067 1206 94 Pouuiez vous esperer pardon de telle offence?

709 1145 1250 107 Et puis vous demandez des villes d’aſſeurance,

655 1239 1154 97 Au Roy que vous auez tant de fois irrité,

654 1319 1281 107 Mais puis que vous n'auez la foy ny l’eſperance,

662 1403 1094 93 Uous ne meritez pas d’auoir la charité.

711 1561 671 99 Si par la haute Deité,

667 1652 694 99 On voit ceſte maße regie,

665 1735 707 99 Nostre ſaincte Theologie

662 1816 684 85 En demonſtre la verité.

730 1896 766 89 Saint lustin bien la recité

667 1982 725 107 En ſa ſeconde Apologie,

657 2068 1003 106 Monstrant mieux que l Astrologie

667 2148 663 99 Le deſtin & la Trinité.

743 2234 883 101 Il le monſtre en ſa Monarchie,

665 2315 805 101 En ſa contraire Entelechie,

662 2406 707 101 Au graue de ſa concion.

709 2489 860 111 Mais quoy la puiſſance diuine

665 2577 995 107 Paſſe la grandeur de toute Hymne,

675 2665 658 112 Chantée a ſa perfection.

795 2858 1270 85 AVX POETES CHANTE PVCE.

678 2997 113 202 L

787 2993 1155 117 A Puce ſauteloit au ſommet d'vne Roche

787 3090 1061 109 D ou premier elle veid le Soleil radieux:

1805 3195 149 117 B iiij
