3456 4677
1501 892 929 78 NOVVELLES OEVVRES

1192 997 1196 115 Puis dreſſant vers le ciel ſon vol audacieux,

1200 1070 1359 135 Plus ſon pouuoir l’élongne, & ſon deſir s’aproche.

1270 1226 1182 114 Lors elle reconnoist le danger qui s'apreſte,

1205 1314 1253 104 Penſant au vol d'lcare, au cours de Phaëton,

1208 1390 1367 117 L’vn malheureux oyſeau, l’autre mauuais Chartõ

1218 1481 1201 119 Se repent & reprend d’auoir haußé la teste.

1283 1618 1188 128 O le digne ornement de la parfaicte bande,

1223 1709 1359 107 PASQVIER de qui le nom, l’oraiſon & les vers

1226 1800 1200 109 Uolent par la rondeur de ce grand vniuers,

1226 1878 1265 101 La Puce maintenant voſtre ſecours demande.

1286 2011 1481 135 Hauſſez la grand CHOPIN, de qui la voix exquiſe,

1229 2115 1036 114 A ſouuent contenté ce filz de Iupiter,

1242 2190 1463 127 Ce du HARLAY qu’on void les hauts Dieux imiter,

1244 2278 1362 107 Que tout le monde admire, estime, honore & priſe.

1307 2426 1151 107 Le pilier, le miroir l’oracle de la France,

1252 2522 1167 120 Qui ſoutient, repreſente, & anime ſans fin

1249 2606 1229 114 Peuples, Princes, & loix, briſe l’air Poiteuin,

1252 2697 1263 101 Pour conduire la Puce auec plus d’aſſeurance.

1294 2842 1335 101 MANGOT le verd printems à la vertu chenue,

1255 2928 1099 101 Le fauory des Dieux le Mercure facond

1262 3014 1263 111 Qui eſt premier de tous, & n’a point de ſecond,

1262 3099 1136 115 La ſouſleue, & luy fait outrepaſſer la nue.

2625 3201 105 84 Que
