3456 4677
1057 857 824 68 DE M. DES ROCHES.

2168 845 43 94 9

745 984 1455 83 Que diray ie ô ESPRIT ORNE DE BEAVTE DINE

680 1052 1391 104 De vos vers dous coulans, ſinon que les neuf ſeurs.

683 1140 1302 91 Ont verſe dedans eux leurs mielleuſes douceurs,

688 1229 1112 83 Pour attirer au ciel la Puce Poiteuine.

766 1392 1263 102 Celuy qui la reprend d’eſtre iniuste & cruelle,

691 1478 1224 86 L'honore en la blaſmant: il ne fait voir ſinon

704 1566 1211 89 Qu'elle est Puce fameuſe, & digne de renom,

698 1647 1196 88 Et la faiſant mourir il la rend immortelle.

748 1811 1226 109 Elle a pour ſon flambeau l’agreable lumiere

698 1901 1318 89 Des deux Freres germains par les Muſes eſlus,

696 1982 1193 104 Plus diuins mille fois que Caſtor & Pollus,

698 2073 1378 99 Car ilz ne changent point leur lampe iournaliere.

756 2237 1130 91 Cet excellent rameau de la noble racine,

706 2328 1310 93 Qui commandoit Uerone, a voulu prendre ſoin

698 2406 1009 103 De la petite Puce, außi ell' a beſoin

698 2496 1492 99 Pour monter dans les Cieux d’vne ESCALE diuine.

743 2668 1330 114 Ainſi qu'elle approchoit du throne de ſa gloire,

698 2762 998 96 Amour la vint ſaiſir, ce petit affeté

701 2847 1128 81 En vain en eſt ialoux: car il est arreſté

711 2930 1349 102 Que les vers de BINET, luy donnent la victoire.

774 3097 1133 122 Qui ſeroit negligent à ſi louable peine,

1969 3180 71 128 C
