3456 4677
1569 860 847 65 NOVVELLES OEVVRES

1190 969 1211 96 Pous donner a la Puce vn gentil ornement?

1192 1057 1354 99 Le ſçauant la COVDRAY l’habille proprement,

1195 1138 1174 101 Ores a la Françoiſe, & or' a la Romaine.

1252 1301 1234 99 Comme au tams de Noé la douce coulombelle,

1192 1387 1258 99 Pour vn ſigne de Paix vint l Oliue approcher,

1195 1473 1242 98 D vn augure plus ſaint Pallas ton arbre cher

1195 1556 1130 86 Preſente a nostre Puce vne robe nouuelle.

1231 1725 1151 101 Mais qui luy a donné cette cheſne dorée?

1184 1805 1526 107 Uraimeni c’est le CLAIROR qui par l’eclair luyſant

1184 1899 1245 99 Te ſes beaux vers dorez luy a fait ce preſent,

1192 1977 1203 101 Et par l’honneur de luy la Puce eſt honorée.

1247 2143 1037 104 Le Delien Soulfour, qui a l’ame ſaiſie

1184 2237 1230 98 De plus ſaintes fureurs, par vn diuin conſeil

1184 2317 1183 94 La leue promptement ſur le char du Soleil,

1187 2398 1019 104 Ou elle a ſa demeure eternelle choiſie.

1231 2577 1312 112 Courage ma mignonne il faut prendre la place

1179 2665 1240 97 Du meurtrier d’Orion, il faut prendre ce lieu

1184 2749 1354 90 Qui vous eſt ordonné d’vn homme, mai d vn Dieu

1187 2837 1343 104 Qui vous y fait guider par les mains de la Grace.

1249 3001 1172 88 L’oyſeau fauoriſe de l'archer du Tonnerre

1184 3089 1188 106 Oeilladant cette Puce auec vn dous regard,
