3456 4677
1054 909 819 86 DE M. DES ROCHES.

2180 927 66 78 10

706 1013 1372 117 Luy veut prester ſon dos pour luy ſentir de chart

709 1099 1195 117 Et de ſes ailerons mignardement l'enſerre.

774 1257 1250 135 Elle eſt placée au Ciel, & le fourrier Hygine

709 1348 1148 125 Na merqué ſon logis: mais cet oyſeau ſacré

719 1431 1255 130 Qui fait entre les Dieux, ce qui luy vient àgré,

709 1514 1086 130 A voulu qu’elle fuſt vn fauorable ſigne.

779 1678 1354 122 Bien-heureux qui l’aura au point de fa naiſſance

706 1761 1359 133 Pour ſon ſtre aſcẽdant, & bien-heureux auſsi

701 1852 1042 112 De qui elle prendra vn gracieux ſouci,

704 1927 1130 128 Faiſant couler ſur luy ſa celeste influence.

717 2100 125 160 A

858 2092 795 125 U printans de voſtre ieuneſſe

850 2190 819 129 Eſpoint d’vne douce alegreſſe,

691 2270 816 117 Uous ſerrastes dans vos eſpris

691 2346 764 119 Toutes les flames de Cypris,

683 2429 865 132 Puis d’vne plus ſeure embraſſée

678 2525 748 114 En enſerrant vne Espouſée

683 2619 805 109 Uous enſerrastes bonne part

673 2694 860 125 Des biens que Fortune départ,

678 2793 756 106 Ores vous ſerrez la pratique

673 2863 982 122 Du droit Romain & de l'Attique,

670 2951 811 117 Et vous monstrez fort diligent

667 3029 946 133 Pour enſerrer l’Or & l’Argent,

662 3115 738 122 Uous enſerrez la courtoiſie,

1845 3231 117 120 C ij
