3456 4677
1076 884 749 70 DE M. DES ROCHES.

2159 914 60 49 11

732 1356 1481 153 LES OEVVRES DE

886 1517 1091 99 M. DES ROCHES DE

1034 1616 873 83 POETIERS LA FILLE.

964 1829 945 137 Epiſtre a ſa Mere.

1140 2057 1073 89 A MERE, vous m’auez animée cõme

1143 2143 1068 101 Promethe l’image de terre, que luy

1145 2237 1071 78 memes forma, & n’eſt point d’vn feu

1130 2312 1081 86 deſrobe: car il vous fut donne des

1146 2400 1069 98 Cieux. Or connoiſſant que ie tiens de

698 2494 1518 88 vous, non ſeulement ceſte mortelle vie, mais encore la

696 2587 1523 91 vie de ma vie, le vous ſuy par tout comme l’ombre le

696 2665 1515 102 cors: & tout ainſi que le cors en ſes proportions, ny

696 2746 1520 96 l'ombre en ſon eſtandue ne ſont point veus ſans la fa¬

698 2834 1518 94 ueur de la lumiere: Ainſi la viue clarté de voſtre enten¬

698 2925 1513 99 dement nous fait voir par vn ſentier non gueres fre¬

701 3006 1518 114 quenté, ou ie prie Dieu, MA MERE, que nous puiſ¬

1935 3115 117 91 C iij
