3456 4677
1473 883 992 73 NOVVELLES OEVVRES

1236 1005 1539 91 ſions trouuer plus d’Oliuiers que de Houx. La bran¬

1236 1088 1533 91 che paiſible de l’arbre de Pallas nous eſt autant neceſ¬

1242 1174 1525 96 ſaire que l’eſtoit a Enée, le rameau d’or enſeigné par

1242 1254 1525 104 Deiphobe. Ie ſçay que l'Or, filz de la Terre, fait trou¬

1242 1351 1520 80 uer beaucoup de credit chez ſa mere, mais nous auõs

1239 1429 1528 96 auſſi les vers dorez du ſage Samien qui demonſtre, en

1236 1517 1533 86 ſes eſcris, & recommande ce que vos admirables ver¬

1239 1600 1530 86 tus font voir à tous ceux qui vous connoiſſent. Pour¬

1244 1679 1525 102 ce qu’il deſire de parler, ie me tairay, MA MERE,

1242 1766 1522 99 apres auoir humblement ſupplié la bonté diuine, qu’il

1239 1855 1525 104 luy plaiſe rendre vos iours longs en proſpere fortune

1242 1940 1525 107 afin que vous ſoiez long temps ſur terre, exemple des

1247 2018 462 110 graces du Ciel.
