3456 4677
1034 870 782 83 DE M. DES ROCHES.

2120 909 86 70 12

696 1312 1447 163 Les vers dorez de Pythagore.

826 1540 1309 141 Dorez humblement les grands Dieux Eternelz,

807 1636 1100 113 Enſuyuant du pays la forme coutumiere:

660 1709 1031 120 Reuerez de la Foy la vertu ſinguliere,

662 1805 1099 107 Qui vnit les humains auec les immortelz.

688 1959 1294 122 Les bien-heureux Heros les terrestres Demons

649 2044 1102 123 Soyent honorez außi: Gardez inuiolable

649 2125 1258 130 L’auctorité des loix: Aimez voſtre ſemblable,

649 2213 1182 122 Uos parens, vos amis, & recherchez les bons.

714 2390 1149 135 Laiſſez vous attirer aux propos gracieux,

643 2474 1151 137 Suyuez l’enſeignement d’vne ſage parole,

649 2569 1154 125 Et ne permettez point qu’vne cauſe friuole

644 2650 1112 125 Uous rende vos amis prontement odieux.

711 2816 1024 127 Estimez la Puiſſance & la Neceßité

639 2904 1125 125 Se voiſiner de pres: ne penſez que le boire

644 2985 1146 135 Ls plaiſir, le dormir, aporte plus de gloire,

644 3073 1146 135 Ny que l’honneur demeure auec l’oyſiueté.

1769 3198 156 99 C iiij
