3456 4677
1462 880 975 70 NOVVELLES OEVVRES

1291 989 1310 99 Ne vous transportez point d'vn violent courroux

1242 1073 1203 101 Qui trouble la raiſon ne vous donnez licence

1239 1158 1226 102 De faire quelque mal en abſence ou preſence:

1239 1265 1294 78 Mais en vos actions craignez vous plus que tous.

1299 1387 1094 91 Exercer la lustice en effetz & propos,

1242 1473 1320 93 Sans diſcours de raiſon ne faire choſe aucune:

1244 1561 1250 94 S’aſſeurer que la mort est fatale & commune,

1249 1649 1128 81 Fait viure doucement, & mourir a repos.

1309 1785 1110 106 Uſez de la richeſſe auec tems & moyen,

1242 1873 1234 91 Ne vous malcontentez de la fortune aduerſe,

1242 1956 1140 96 Ne vous estonnez point de ſa face diuerſe,

1247 2039 1335 104 En ce que vous pourrez changez ſon mal en bien.

1312 2182 930 104 Ne vous laiſſez couler à la varieté

1242 2268 1369 104 Des propos vains & faux que chante le vulgaire.

1244 2354 1157 106 En eſcoutani mentir vſez d'vn ſage taire,

1244 2439 985 112 Honorant le ſilence auec ſa dignité.

1299 2587 1273 110 Demandez le conſeil des hommes plus diſcretz.

1239 2686 1255 102 A ce qui vous importe, eſperant que leurs vues

1239 2769 1375 102 Uous gardant de tomber aux fautes non preueues,

1244 2858 1198 104 Pourront vous garantir de pertes & regretz.

1291 3003 1226 109 Ne ſe moquer iamais par vn propos nuiſant,

1231 3086 1294 120 Ce que l’on ne ſçait pas ne vouloir le reprendre,

2585 3185 184 125 Mais
