<?xml version="1.0" encoding="UTF-8"?>
<alto xmlns:xsi="http://www.w3.org/2001/XMLSchema-instance"
      xmlns="http://www.loc.gov/standards/alto/ns-v4#"
      xsi:schemaLocation="http://www.loc.gov/standards/alto/ns-v4# http://www.loc.gov/standards/alto/v4/alto-4-2.xsd">
  <Description>
    <MeasurementUnit>pixel</MeasurementUnit>
    <sourceImageInformation>
      <fileName>28.jpg</fileName>
      
    </sourceImageInformation>
  </Description>
  
  <Tags>
    <OtherTag ID="BT4951" LABEL="CustomZone" DESCRIPTION="block type CustomZone"/><OtherTag ID="BT4952" LABEL="DamageZone" DESCRIPTION="block type DamageZone"/><OtherTag ID="BT4953" LABEL="GraphicZone" DESCRIPTION="block type GraphicZone"/><OtherTag ID="BT4954" LABEL="DigitizationArtefactZone" DESCRIPTION="block type DigitizationArtefactZone"/><OtherTag ID="BT4955" LABEL="DropCapitalZone" DESCRIPTION="block type DropCapitalZone"/><OtherTag ID="BT4956" LABEL="MainZone" DESCRIPTION="block type MainZone"/><OtherTag ID="BT4957" LABEL="MarginTextZone" DESCRIPTION="block type MarginTextZone"/><OtherTag ID="BT4958" LABEL="MusicZone" DESCRIPTION="block type MusicZone"/><OtherTag ID="BT4959" LABEL="NumberingZone" DESCRIPTION="block type NumberingZone"/><OtherTag ID="BT4960" LABEL="QuireMarksZone" DESCRIPTION="block type QuireMarksZone"/><OtherTag ID="BT4961" LABEL="RunningTitleZone" DESCRIPTION="block type RunningTitleZone"/><OtherTag ID="BT4962" LABEL="SealZone" DESCRIPTION="block type SealZone"/><OtherTag ID="BT4963" LABEL="StampZone" DESCRIPTION="block type StampZone"/><OtherTag ID="BT4964" LABEL="TableZone" DESCRIPTION="block type TableZone"/><OtherTag ID="BT4965" LABEL="TitlePageZone" DESCRIPTION="block type TitlePageZone"/>
    <OtherTag ID="LT1583" LABEL="MusicLine" DESCRIPTION="line type MusicLine"/><OtherTag ID="LT1582" LABEL="InterlinearLine" DESCRIPTION="line type InterlinearLine"/><OtherTag ID="LT1581" LABEL="HeadingLine" DESCRIPTION="line type HeadingLine"/><OtherTag ID="LT1580" LABEL="DropCapitalLine" DESCRIPTION="line type DropCapitalLine"/><OtherTag ID="LT1579" LABEL="DefaultLine" DESCRIPTION="line type DefaultLine"/><OtherTag ID="LT1578" LABEL="CustomLine" DESCRIPTION="line type CustomLine"/>
  </Tags>
  
  <Layout>
    <Page WIDTH="3456"
          HEIGHT="4677"
          PHYSICAL_IMG_NR="27"
          ID="eSc_dummypage_">
      <PrintSpace HPOS="0"
                  VPOS="0"
                  WIDTH="3456"
                  HEIGHT="4677">
        
        <TextBlock HPOS="1033"
                   VPOS="878"
                   WIDTH="883"
                   HEIGHT="78"
                   ID="block_1"
                   TAGREFS="BT4961">
          <Shape><Polygon POINTS="1916 878 1916 956 1033 956 1033 878"/></Shape>
          
          
          <TextLine ID="line_0"
                    TAGREFS="LT1581"
                    BASELINE="1065 925 1886 919" 
                    HPOS="1062"
                    VPOS="878"
                    WIDTH="824"
                    HEIGHT="72">
            <Shape><Polygon POINTS="1686 878 1660 878 1634 878 1608 878 1582 878 1556 878 1530 878 1504 878 1478 878 1473 878 1468 883 1465 886 1062 886 1065 925 1065 943 1275 950 1278 950 1309 945 1351 937 1372 945 1384 950 1387 950 1390 950 1392 950 1403 945 1418 937 1442 945 1452 950 1455 950 1457 950 1486 948 1559 935 1639 948 1647 948 1650 948 1652 948 1655 948 1655 945 1665 937 1673 945 1673 948 1676 948 1678 948 1681 950 1883 950 1886 919 1881 883 1725 878 1712 878"/></Shape>
	    <String CONTENT="DE M. DES ROCHES."
                    HPOS="1062"
                    VPOS="878"
                    WIDTH="824"
                    HEIGHT="72"
                    WC="0.99890021015616"></String>
          </TextLine>

          
        </TextBlock>
        
        <TextBlock HPOS="2153"
                   VPOS="889"
                   WIDTH="93"
                   HEIGHT="93"
                   ID="eSc_textblock_919b28d0"
                   TAGREFS="BT4959">
          <Shape><Polygon POINTS="2153 889 2153 982 2246 982 2246 889"/></Shape>
          
          
          <TextLine ID="eSc_line_9887d944"
                    TAGREFS="LT1579"
                    BASELINE="2174 948 2231 951" 
                    HPOS="2168"
                    VPOS="884"
                    WIDTH="59"
                    HEIGHT="94">
            <Shape><Polygon POINTS="2172 947 2168 974 2219 978 2227 950 2227 888 2176 884 2172 947"/></Shape>
	    <String CONTENT="13"
                    HPOS="2168"
                    VPOS="884"
                    WIDTH="59"
                    HEIGHT="94"
                    WC="0.993211507797241"></String>
          </TextLine>

          
        </TextBlock>
        
        <TextBlock HPOS="666"
                   VPOS="967"
                   WIDTH="1447"
                   HEIGHT="2257"
                   ID="block_0"
                   TAGREFS="BT4956">
          <Shape><Polygon POINTS="2113 967 2113 3224 674 3220 666 967"/></Shape>
          
          
          <TextLine ID="line_1"
                    TAGREFS="LT1579"
                    BASELINE="696 1049 1974 1054" 
                    HPOS="693"
                    VPOS="984"
                    WIDTH="1281"
                    HEIGHT="107">
            <Shape><Polygon POINTS="696 1049 693 1073 704 1083 704 1086 706 1086 709 1086 878 1088 880 1088 883 1088 886 1088 912 1073 1184 1088 1187 1088 1190 1088 1257 1073 1421 1075 1436 1091 1439 1091 1442 1091 1444 1091 1520 1075 1670 1075 1704 1091 1707 1091 1709 1091 1972 1073 1974 1054 1974 1008 1925 987 1922 987 1920 987 1917 987 1870 1005 1624 987 1621 987 1618 987 1616 987 1616 989 1598 1005 1598 1008 1535 1008 1535 1005 1514 989 1514 987 1512 987 1509 987 1423 987 1421 987 1418 987 1416 987 1416 989 1397 1005 1397 1008 1351 1008 1348 1005 1330 987 1330 984 1327 984 1325 984 1322 984 1242 1002 1171 984 1169 984 1166 984 1164 984 1122 1002 1018 987 1016 987 932 1002 914 987 914 984 912 984 909 984 906 984 904 984 867 1002 844 987 841 987 839 987 836 987 834 987 831 987 810 1002 808 1002 735 987 732 987 730 987 696 1000 696 1049"/></Shape>
	    <String CONTENT="Mais ſi c’est quelque bien deſirer de l’aprendre"
                    HPOS="693"
                    VPOS="984"
                    WIDTH="1281"
                    HEIGHT="107"
                    WC="0.988355795542399"></String>
          </TextLine>

          
          
          <TextLine ID="line_2"
                    TAGREFS="LT1579"
                    BASELINE="704 1138 1889 1138" 
                    HPOS="704"
                    VPOS="1078"
                    WIDTH="1185"
                    HEIGHT="99">
            <Shape><Polygon POINTS="704 1138 704 1161 956 1161 1000 1177 1003 1177 1005 1177 1138 1161 1756 1177 1759 1177 1889 1158 1889 1138 1889 1096 1808 1096 1792 1080 1792 1078 1790 1078 1787 1078 1785 1078 1782 1078 1746 1093 1702 1078 1699 1078 1598 1078 1595 1078 1592 1078 1590 1078 1590 1080 1574 1093 1403 1078 1400 1078 1397 1078 1395 1078 1395 1080 1379 1096 1143 1096 1078 1078 1075 1078 1073 1078 1070 1078 1067 1078 1067 1080 1054 1093 958 1093 839 1078 836 1078 834 1078 831 1078 810 1093 722 1078 719 1078 717 1078 714 1078 714 1080 704 1091 704 1138"/></Shape>
	    <String CONTENT="Rend la vie plus douce en labeur ſi plaiſant."
                    HPOS="704"
                    VPOS="1078"
                    WIDTH="1185"
                    HEIGHT="99"></String>
          </TextLine>

          
          
          <TextLine ID="line_3"
                    TAGREFS="LT1579"
                    BASELINE="758 1306 1896 1301" 
                    HPOS="756"
                    VPOS="1242"
                    WIDTH="1140"
                    HEIGHT="101">
            <Shape><Polygon POINTS="758 1306 758 1330 1117 1330 1148 1343 1151 1343 1153 1343 1229 1330 1281 1343 1283 1343 1286 1343 1288 1343 1333 1330 1400 1340 1403 1340 1405 1340 1408 1340 1429 1325 1439 1325 1527 1340 1530 1340 1894 1322 1896 1301 1891 1260 1769 1260 1753 1244 1753 1242 1751 1242 1748 1242 1673 1242 1670 1242 1668 1242 1665 1242 1665 1244 1650 1260 1605 1260 1590 1244 1590 1242 1587 1242 1585 1242 1582 1242 1579 1242 1543 1257 1507 1242 1504 1242 1501 1242 1397 1257 1291 1244 1288 1244 1286 1244 1283 1244 1283 1247 1268 1260 774 1244 771 1244 769 1244 766 1244 766 1247 763 1247 756 1252 758 1306"/></Shape>
	    <String CONTENT="Uous ne deuez penſer que la ſanté du cors"
                    HPOS="756"
                    VPOS="1242"
                    WIDTH="1140"
                    HEIGHT="101"></String>
          </TextLine>

          
          
          <TextLine ID="line_4"
                    TAGREFS="LT1579"
                    BASELINE="704 1390 1733 1390" 
                    HPOS="704"
                    VPOS="1332"
                    WIDTH="1029"
                    HEIGHT="78">
            <Shape><Polygon POINTS="704 1390 704 1410 1733 1410 1733 1390 1733 1348 839 1332 836 1332 834 1332 831 1332 815 1345 722 1332 719 1332 717 1332 714 1332 704 1340 704 1390"/></Shape>
	    <String CONTENT="Soit inutille en vous, le moyen exercice"
                    HPOS="704"
                    VPOS="1332"
                    WIDTH="1029"
                    HEIGHT="78"
                    WC="0.985256370902061"></String>
          </TextLine>

          
          
          <TextLine ID="line_5"
                    TAGREFS="LT1579"
                    BASELINE="698 1475 1772 1470" 
                    HPOS="696"
                    VPOS="1408"
                    WIDTH="1076"
                    HEIGHT="106">
            <Shape><Polygon POINTS="698 1475 698 1494 870 1494 873 1494 888 1509 888 1512 891 1512 893 1512 896 1514 943 1514 943 1512 945 1512 987 1494 990 1494 1177 1494 1218 1509 1221 1509 1223 1509 1226 1509 1229 1509 1229 1507 1231 1507 1242 1491 1244 1491 1374 1491 1395 1491 1605 1509 1608 1509 1769 1488 1772 1470 1766 1429 1650 1429 1631 1410 1631 1408 1629 1408 1626 1408 1624 1408 1621 1408 1566 1426 1525 1408 1522 1408 1520 1408 1517 1408 1475 1426 1369 1426 1353 1410 1353 1408 1351 1408 1348 1408 1346 1408 1343 1408 1301 1423 1236 1408 1234 1408 1231 1408 1229 1408 1184 1429 1145 1410 1143 1410 1140 1410 1138 1410 1073 1431 792 1431 724 1410 722 1410 719 1410 717 1410 714 1410 714 1413 696 1426 698 1475"/></Shape>
	    <String CONTENT="Le manger moderé, la lettre chaſſe-vice"
                    HPOS="696"
                    VPOS="1408"
                    WIDTH="1076"
                    HEIGHT="106"></String>
          </TextLine>

          
          
          <TextLine ID="line_6"
                    TAGREFS="LT1579"
                    BASELINE="698 1553 1912 1559" 
                    HPOS="696"
                    VPOS="1499"
                    WIDTH="1216"
                    HEIGHT="80">
            <Shape><Polygon POINTS="698 1553 696 1574 1907 1579 1912 1559 1912 1517 1517 1517 1512 1514 1473 1501 1470 1501 1468 1501 1387 1514 1377 1514 1372 1514 1338 1501 1335 1501 1333 1501 1330 1501 1327 1501 1312 1512 1299 1501 1299 1499 1296 1499 1294 1499 1291 1499 1229 1512 1226 1512 1164 1499 1161 1499 1091 1512 1086 1514 875 1514 873 1512 847 1499 844 1499 841 1499 698 1509 698 1553"/></Shape>
	    <String CONTENT="Maintiennent les espris, &amp; les cors en acors."
                    HPOS="696"
                    VPOS="1499"
                    WIDTH="1216"
                    HEIGHT="80"></String>
          </TextLine>

          
          
          <TextLine ID="line_7"
                    TAGREFS="LT1579"
                    BASELINE="769 1722 1831 1727" 
                    HPOS="766"
                    VPOS="1660"
                    WIDTH="1065"
                    HEIGHT="99">
            <Shape><Polygon POINTS="769 1722 766 1740 948 1759 951 1759 1829 1748 1831 1727 1831 1683 1813 1665 1813 1662 1811 1662 1808 1662 1805 1662 1717 1675 1668 1662 1665 1662 1663 1662 1660 1662 1657 1662 1631 1681 1553 1662 1551 1662 1548 1662 1546 1662 1514 1681 1455 1681 1439 1665 1439 1662 1436 1662 1434 1662 1431 1662 1429 1662 1379 1681 1226 1681 1200 1660 1197 1660 1195 1660 1192 1660 1190 1660 1140 1681 1031 1681 1013 1662 1013 1660 1010 1660 1008 1660 1005 1660 1003 1660 966 1678 893 1678 878 1662 878 1660 875 1660 873 1660 789 1660 787 1660 784 1660 782 1660 769 1670 769 1722"/></Shape>
	    <String CONTENT="Uiuez honnestement ſans ſuperfluité,"
                    HPOS="766"
                    VPOS="1660"
                    WIDTH="1065"
                    HEIGHT="99"></String>
          </TextLine>

          
          
          <TextLine ID="line_8"
                    TAGREFS="LT1579"
                    BASELINE="704 1805 1912 1811" 
                    HPOS="701"
                    VPOS="1751"
                    WIDTH="1211"
                    HEIGHT="80">
            <Shape><Polygon POINTS="704 1805 701 1824 1907 1831 1912 1811 1912 1766 1870 1751 1868 1751 1865 1751 1764 1764 1759 1764 704 1756 704 1805"/></Shape>
	    <String CONTENT="Rendez vous la Fortune heureuſement amie,"
                    HPOS="701"
                    VPOS="1751"
                    WIDTH="1211"
                    HEIGHT="80"></String>
          </TextLine>

          
          
          <TextLine ID="line_9"
                    TAGREFS="LT1579"
                    BASELINE="704 1891 1839 1896" 
                    HPOS="701"
                    VPOS="1829"
                    WIDTH="1138"
                    HEIGHT="91">
            <Shape><Polygon POINTS="704 1891 701 1909 1834 1920 1839 1896 1839 1852 1792 1831 1790 1831 1787 1831 1785 1831 1728 1850 1699 1831 1696 1831 1694 1831 1556 1831 1553 1831 1551 1831 1548 1831 1548 1834 1535 1847 1530 1850 1512 1844 1457 1834 1455 1834 1452 1834 1449 1834 1449 1837 1439 1844 1434 1852 1372 1852 1353 1842 1333 1831 1330 1831 1327 1831 1325 1831 1288 1842 1265 1850 826 1850 802 1831 800 1829 797 1829 795 1829 792 1829 704 1829 704 1891"/></Shape>
	    <String CONTENT="N’attirez contre vous le venin de l’Enuie,"
                    HPOS="701"
                    VPOS="1829"
                    WIDTH="1138"
                    HEIGHT="91"></String>
          </TextLine>

          
          
          <TextLine ID="line_10"
                    TAGREFS="LT1579"
                    BASELINE="696 1977 1634 1977" 
                    HPOS="696"
                    VPOS="1914"
                    WIDTH="938"
                    HEIGHT="86">
            <Shape><Polygon POINTS="696 1977 696 2000 1634 2000 1634 1977 1634 1930 1613 1914 1611 1914 1608 1914 1548 1914 1546 1914 1543 1914 1540 1914 1540 1917 1522 1935 1478 1935 1460 1917 1460 1914 1457 1914 1455 1914 1452 1914 1449 1914 1397 1933 1397 1935 1307 1935 1304 1933 1278 1914 1275 1914 1273 1914 1270 1914 1268 1914 1265 1914 1239 1933 1234 1935 1156 1935 1153 1930 1132 1914 1130 1914 1127 1914 1073 1914 1070 1914 1067 1914 1065 1914 1065 1917 1052 1927 1031 1914 1029 1914 1026 1914 1023 1914 1021 1914 984 1927 948 1914 945 1914 943 1914 940 1914 938 1914 938 1917 925 1930 919 1933 771 1933 766 1927 750 1914 748 1914 745 1914 743 1914 740 1914 696 1925 696 1977"/></Shape>
	    <String CONTENT="Suyuez de la Uertu la mediocrité."
                    HPOS="696"
                    VPOS="1914"
                    WIDTH="938"
                    HEIGHT="86"></String>
          </TextLine>

          
          
          <TextLine ID="line_11"
                    TAGREFS="LT1579"
                    BASELINE="737 2141 1985 2148" 
                    HPOS="735"
                    VPOS="2083"
                    WIDTH="1250"
                    HEIGHT="94">
            <Shape><Polygon POINTS="737 2141 735 2159 1346 2177 1348 2177 1982 2167 1985 2148 1985 2104 1899 2089 1896 2089 1392 2099 1353 2099 1340 2089 1340 2086 1338 2086 1335 2086 1333 2086 1234 2099 1221 2099 1210 2099 1132 2083 1130 2083 737 2094 737 2141"/></Shape>
	    <String CONTENT="L&#x27;on ne ſe doit iamais promptement auancer"
                    HPOS="735"
                    VPOS="2083"
                    WIDTH="1250"
                    HEIGHT="94"
                    WC="0.97071550147874"></String>
          </TextLine>

          
          
          <TextLine ID="line_12"
                    TAGREFS="LT1579"
                    BASELINE="693 2224 1798 2229" 
                    HPOS="691"
                    VPOS="2167"
                    WIDTH="1107"
                    HEIGHT="106">
            <Shape><Polygon POINTS="693 2224 691 2244 849 2250 865 2265 865 2268 867 2268 870 2268 873 2268 958 2250 961 2250 1047 2250 1065 2265 1065 2268 1067 2268 1070 2268 1073 2268 1151 2255 1226 2268 1229 2268 1231 2268 1281 2252 1283 2252 1307 2270 1309 2270 1312 2270 1314 2273 1377 2273 1377 2270 1379 2270 1382 2270 1382 2268 1397 2255 1670 2255 1673 2257 1686 2268 1686 2270 1689 2270 1691 2270 1694 2270 1795 2257 1798 2229 1795 2190 1582 2187 1582 2185 1566 2172 1566 2169 1564 2169 1561 2169 1559 2169 1556 2169 1520 2185 1509 2190 1307 2190 1299 2180 1288 2172 1288 2169 1286 2169 1283 2169 1281 2169 1278 2169 1244 2180 1226 2185 1203 2180 1158 2167 1156 2167 1104 2167 1101 2167 1099 2167 1096 2167 1083 2177 1073 2187 971 2187 958 2174 948 2167 945 2167 943 2167 940 2167 938 2167 917 2174 888 2185 693 2172 693 2224"/></Shape>
	    <String CONTENT="De cauſer vn effet qui apporte dommage,"
                    HPOS="691"
                    VPOS="2167"
                    WIDTH="1107"
                    HEIGHT="106"></String>
          </TextLine>

          
          
          <TextLine ID="line_13"
                    TAGREFS="LT1579"
                    BASELINE="693 2307 1985 2315" 
                    HPOS="691"
                    VPOS="2255"
                    WIDTH="1294"
                    HEIGHT="96">
            <Shape><Polygon POINTS="693 2307 691 2328 922 2330 953 2346 956 2346 958 2346 1405 2335 1553 2351 1556 2351 1702 2338 1948 2351 1951 2351 1954 2351 1982 2335 1985 2315 1982 2276 1909 2260 1907 2260 1904 2260 1860 2273 1857 2273 1813 2260 1811 2260 1808 2260 1805 2260 1803 2260 1782 2273 1779 2273 1694 2260 1691 2260 1689 2260 1644 2273 1639 2273 1400 2273 1400 2270 1364 2257 1361 2257 1359 2257 1294 2270 1288 2270 1016 2270 1016 2268 979 2255 977 2255 974 2255 971 2255 930 2268 927 2268 917 2268 761 2255 758 2255 693 2265 693 2307"/></Shape>
	    <String CONTENT="En tous deportements l’homme prudent &amp; ſage"
                    HPOS="691"
                    VPOS="2255"
                    WIDTH="1294"
                    HEIGHT="96"
                    WC="0.977109311625015"></String>
          </TextLine>

          
          
          <TextLine ID="line_14"
                    TAGREFS="LT1579"
                    BASELINE="698 2390 1844 2400" 
                    HPOS="696"
                    VPOS="2333"
                    WIDTH="1148"
                    HEIGHT="99">
            <Shape><Polygon POINTS="698 2390 696 2411 782 2429 784 2429 870 2416 1145 2432 1148 2432 1247 2419 1384 2432 1387 2432 1842 2421 1844 2400 1842 2359 1494 2356 1488 2348 1481 2343 1481 2341 1478 2341 1475 2341 1473 2341 1374 2346 1273 2354 1244 2343 1226 2338 1223 2338 1221 2338 1218 2338 1200 2343 1174 2351 1153 2343 1145 2338 1143 2338 1140 2338 1062 2341 810 2348 698 2333 698 2390"/></Shape>
	    <String CONTENT="Ua preuoyant la fin auant le commancer."
                    HPOS="696"
                    VPOS="2333"
                    WIDTH="1148"
                    HEIGHT="99"></String>
          </TextLine>

          
          
          <TextLine ID="line_15"
                    TAGREFS="LT1579"
                    BASELINE="756 2574 1935 2582" 
                    HPOS="753"
                    VPOS="2509"
                    WIDTH="1182"
                    HEIGHT="110">
            <Shape><Polygon POINTS="756 2574 753 2593 987 2598 1000 2611 1000 2613 1003 2613 1005 2613 1008 2613 1109 2598 1148 2616 1151 2616 1153 2616 1278 2603 1395 2616 1397 2616 1400 2616 1452 2600 1491 2616 1494 2616 1496 2616 1499 2616 1538 2603 1585 2619 1587 2619 1590 2619 1772 2603 1844 2619 1847 2619 1933 2600 1935 2582 1935 2530 1912 2515 1909 2515 1907 2515 1904 2515 1704 2533 1702 2533 1655 2515 1652 2515 1650 2515 1559 2533 1548 2533 1540 2533 1434 2512 1338 2512 1335 2512 1333 2512 1330 2512 1330 2515 1314 2530 1283 2512 1281 2512 1278 2512 1275 2512 1236 2528 1231 2530 982 2530 979 2525 964 2512 964 2509 961 2509 958 2509 956 2509 953 2509 922 2525 917 2530 860 2530 854 2525 834 2509 831 2509 828 2509 826 2509 756 2522 756 2574"/></Shape>
	    <String CONTENT="Premier que repoſer, il faut penſer trois fois"
                    HPOS="753"
                    VPOS="2509"
                    WIDTH="1182"
                    HEIGHT="110"
                    WC="0.992253367019736"></String>
          </TextLine>

          
          
          <TextLine ID="line_16"
                    TAGREFS="LT1579"
                    BASELINE="698 2660 1826 2668" 
                    HPOS="696"
                    VPOS="2598"
                    WIDTH="1130"
                    HEIGHT="104">
            <Shape><Polygon POINTS="698 2660 696 2681 844 2681 847 2681 899 2697 901 2697 904 2697 1140 2684 1145 2684 1171 2699 1174 2699 1177 2699 1179 2699 1262 2684 1268 2684 1270 2684 1312 2697 1314 2697 1317 2697 1564 2686 1579 2686 1582 2686 1626 2702 1629 2702 1631 2702 1824 2686 1826 2668 1826 2624 1748 2624 1746 2621 1720 2603 1717 2603 1715 2603 1712 2603 1709 2603 1663 2619 1647 2606 1647 2603 1644 2603 1642 2603 1639 2603 1637 2603 1598 2616 1595 2619 1595 2616 1582 2606 1582 2603 1579 2603 1577 2603 1483 2603 1481 2603 1369 2611 1283 2619 1262 2611 1242 2600 1239 2600 1236 2600 1234 2600 1231 2600 1221 2608 1205 2621 1093 2621 1080 2606 1075 2600 1075 2598 1073 2598 1070 2598 1067 2598 1065 2598 1049 2606 1021 2619 844 2619 698 2598 698 2660"/></Shape>
	    <String CONTENT="Tout ce que l’on a fait, &amp; oublié de faire,"
                    HPOS="696"
                    VPOS="2598"
                    WIDTH="1130"
                    HEIGHT="104"
                    WC="0.988644194873897"></String>
          </TextLine>

          
          
          <TextLine ID="line_17"
                    TAGREFS="LT1579"
                    BASELINE="691 2741 2008 2759" 
                    HPOS="688"
                    VPOS="2676"
                    WIDTH="1320"
                    HEIGHT="112">
            <Shape><Polygon POINTS="691 2741 688 2767 691 2769 693 2769 693 2772 696 2772 698 2772 701 2772 704 2772 737 2762 753 2775 756 2775 758 2775 1065 2782 1067 2782 1070 2782 1122 2767 1442 2788 1444 2788 1561 2772 1889 2788 1891 2788 2006 2775 2008 2759 2006 2715 1951 2715 1948 2712 1928 2694 1925 2694 1922 2694 1920 2694 1917 2694 1868 2712 1863 2712 1717 2712 1715 2710 1699 2694 1699 2691 1696 2691 1694 2691 1691 2691 1689 2691 1629 2707 1626 2707 1569 2689 1566 2689 1564 2689 1561 2689 1514 2704 1499 2691 1499 2689 1496 2689 1494 2689 1400 2686 1397 2686 1395 2686 1353 2702 1346 2704 1335 2702 1268 2684 1265 2684 1262 2684 1260 2684 1218 2699 1213 2704 1130 2704 1122 2699 1080 2681 1078 2681 1075 2681 1073 2681 1031 2697 1026 2699 1026 2697 1010 2684 1010 2681 1008 2681 1005 2681 1003 2681 1000 2681 997 2681 974 2697 966 2699 766 2699 753 2691 704 2676 701 2676 698 2676 696 2676 693 2676 693 2678 691 2678 691 2741"/></Shape>
	    <String CONTENT="Prenant plaiſir au bien ſe facher du contraire,"
                    HPOS="688"
                    VPOS="2676"
                    WIDTH="1320"
                    HEIGHT="112"
                    WC="0.963538749420896"></String>
          </TextLine>

          
          
          <TextLine ID="line_18"
                    TAGREFS="LT1579"
                    BASELINE="693 2832 2052 2845" 
                    HPOS="691"
                    VPOS="2767"
                    WIDTH="1361"
                    HEIGHT="111">
            <Shape><Polygon POINTS="693 2832 691 2863 821 2871 823 2871 826 2871 841 2863 867 2852 977 2863 1075 2873 1078 2873 1122 2863 1161 2855 1408 2855 1421 2863 1449 2876 1452 2876 1455 2876 1527 2863 1530 2863 1533 2863 1579 2878 1582 2878 1585 2878 1587 2878 1590 2878 1613 2863 1665 2878 1668 2878 1670 2878 1673 2878 1702 2863 1707 2860 1709 2863 1746 2878 1748 2878 1751 2878 1753 2878 1756 2878 1756 2876 1772 2863 2050 2863 2052 2845 2052 2795 2006 2777 2003 2777 2000 2777 1998 2777 1995 2777 1995 2780 1974 2798 1972 2798 1831 2798 1829 2795 1790 2775 1787 2775 1691 2775 1689 2775 1686 2775 1683 2775 1660 2790 1587 2775 1585 2775 1582 2775 1535 2793 1533 2793 1470 2793 1468 2793 1439 2772 1436 2772 1434 2772 1431 2772 1429 2772 1369 2790 1366 2790 1179 2790 1179 2788 1158 2772 1158 2769 1156 2769 1153 2769 1083 2769 1080 2769 1078 2769 1075 2769 1054 2785 1039 2772 1039 2769 1036 2769 1034 2769 1031 2769 1029 2769 1008 2780 974 2767 971 2767 969 2767 966 2767 964 2767 964 2769 945 2788 919 2788 787 2788 787 2785 769 2769 769 2767 766 2767 763 2767 761 2767 758 2767 693 2782 693 2832"/></Shape>
	    <String CONTENT="Ce qu’on doit faire vn iour le penſer pluſieurs mois."
                    HPOS="691"
                    VPOS="2767"
                    WIDTH="1361"
                    HEIGHT="111"
                    WC="0.97990047706748"></String>
          </TextLine>

          
          
          <TextLine ID="line_19"
                    TAGREFS="LT1579"
                    BASELINE="756 2998 1803 3003" 
                    HPOS="753"
                    VPOS="2936"
                    WIDTH="1050"
                    HEIGHT="96">
            <Shape><Polygon POINTS="756 2998 753 3016 888 3032 891 3032 1800 3021 1803 3003 1803 2959 1764 2938 1761 2938 1759 2938 1756 2938 1715 2959 1603 2959 1462 2959 1460 2956 1426 2938 1423 2938 1421 2938 1418 2938 1416 2938 1392 2956 1366 2938 1364 2938 1361 2938 1359 2938 1356 2938 1309 2956 1304 2956 1208 2956 1203 2956 1151 2936 1148 2936 1145 2936 1143 2936 1106 2954 1073 2936 1070 2936 1067 2936 1065 2936 1031 2951 1018 2938 1018 2936 1016 2936 1013 2936 938 2936 935 2936 932 2936 899 2954 896 2954 893 2954 847 2936 844 2936 841 2936 839 2936 836 2936 836 2938 818 2954 815 2954 756 2954 756 2998"/></Shape>
	    <String CONTENT="Ainſi de la Uertu diuinement epris,"
                    HPOS="753"
                    VPOS="2936"
                    WIDTH="1050"
                    HEIGHT="96"
                    WC="0.970285635335105"></String>
          </TextLine>

          
          
          <TextLine ID="line_20"
                    TAGREFS="LT1579"
                    BASELINE="688 3084 1863 3092" 
                    HPOS="686"
                    VPOS="3021"
                    WIDTH="1177"
                    HEIGHT="104">
            <Shape><Polygon POINTS="688 3084 686 3102 771 3120 774 3120 1078 3107 1839 3125 1842 3125 1844 3125 1847 3125 1860 3112 1863 3092 1863 3047 1753 3027 1751 3027 1748 3027 1746 3027 1725 3045 1613 3045 1483 3045 1481 3045 1462 3027 1462 3024 1460 3024 1457 3024 1455 3024 1452 3024 1405 3042 1361 3024 1359 3024 1356 3024 1353 3024 1281 3042 1278 3045 1239 3045 1239 3042 1221 3027 1221 3024 1218 3024 1216 3024 1213 3024 1210 3024 1166 3040 1119 3024 1117 3024 1114 3024 1112 3024 1109 3024 1109 3027 1093 3042 1091 3042 1013 3042 1013 3040 977 3021 974 3021 971 3021 969 3021 925 3040 925 3042 784 3042 782 3040 748 3021 745 3021 743 3021 740 3021 688 3037 688 3084"/></Shape>
	    <String CONTENT="On peut ſentir de Dieu les forces eternelles,"
                    HPOS="686"
                    VPOS="3021"
                    WIDTH="1177"
                    HEIGHT="104"
                    WC="0.966458672947354"></String>
          </TextLine>

          
          
          <TextLine ID="line_21"
                    TAGREFS="LT1579"
                    BASELINE="688 3164 2016 3180" 
                    HPOS="686"
                    VPOS="3115"
                    WIDTH="1330"
                    HEIGHT="101">
            <Shape><Polygon POINTS="688 3164 686 3190 769 3206 771 3206 943 3195 964 3208 966 3208 969 3208 971 3208 1595 3203 1657 3216 1660 3216 2013 3203 2016 3180 2016 3141 1964 3123 1961 3123 1959 3123 1733 3136 1691 3136 1663 3133 1540 3118 1538 3118 1478 3130 1460 3133 1447 3128 1416 3118 1413 3118 1410 3118 1408 3118 1382 3128 1364 3133 688 3115 688 3164"/></Shape>
	    <String CONTENT="Du ſaint Quatre mouuoir les ſources perennelles,"
                    HPOS="686"
                    VPOS="3115"
                    WIDTH="1330"
                    HEIGHT="101"></String>
          </TextLine>

          
        </TextBlock>
        
        <TextBlock HPOS="1967"
                   VPOS="3204"
                   WIDTH="109"
                   HEIGHT="96"
                   ID="eSc_textblock_c6965113"
                   TAGREFS="BT4960">
          <Shape><Polygon POINTS="2076 3300 2076 3204 1967 3204 1967 3300"/></Shape>
          
          
          <TextLine ID="eSc_line_760ba649"
                    TAGREFS="LT1579"
                    BASELINE="1996 3275 2066 3275" 
                    HPOS="1993"
                    VPOS="3192"
                    WIDTH="70"
                    HEIGHT="109">
            <Shape><Polygon POINTS="1993 3273 1993 3301 2063 3289 2063 3273 2063 3192 1993 3192 1993 3273"/></Shape>
	    <String CONTENT="D"
                    HPOS="1993"
                    VPOS="3192"
                    WIDTH="70"
                    HEIGHT="109"
                    WC="0.999377548694611"></String>
          </TextLine>

          
        </TextBlock>
        

        
      </PrintSpace>
    </Page>
  </Layout>
</alto>
