3456 4677
1470 845 967 90 NOVVLLLES OEVVRES

1234 969 1102 109 Qui d’inuiſibles tours enlaſſent les eſpris.

1291 1138 1252 106 Inuoquez le ſans fin, de voix, d’eſprit, de cueur,

1226 1223 1284 107 En ce qui eſt Humain connoiſſant ſa puiſſance

1223 1312 1170 98 En ce qui eſt Diuin voyant ſa prouidance,

1226 1392 1133 99 En ſon Eternité admirant ſa grandeur.

1281 1556 1135 104 Alors vous connoiſtrez, de qu'elle egalité

1216 1644 1198 91 En tout cet Uniuers la Nature commande,

1223 1733 1216 96 Ce qui vous donnera vne vertu plus grande,

1218 1813 1120 96 Cuidant voſtre eſperance à la Diuinité.

1278 1974 1242 102 L’homme le plus ſouuent cauſe de ſa douleur,

1210 2063 1172 93 Se lamente, ſe deut de ce qui luy est proche,

1216 2148 1312 102 Ignorant bien & mal touſiours il fait reproche

1210 2231 1346 94 Aux Astres les nommant artiſans de malheur.

1268 2400 1275 96 Uraiment l’Entendement est du tout aueuglé,

1210 2486 1235 109 S’il penſe que des Cieux l’ordinaire influence

1208 2580 1281 98 Nous cauſe tant de maus par la ſeule cadence

1213 2663 1250 106 D'vn mouuement ſi beau, ſi iuſte, & ſi reglé

1252 2834 1195 102 Un diſcort naturel n’a pas tant de pouuoir

1210 2920 1315 94 De chaſſer la Raiſon que l’Eternel nous donne:

1197 3001 1489 106 Mais l’homme imprudemiment luy méme s’abandonne,

1210 3092 1289 109 Fondant ſon ignorance au plus de ſon ſçauoir.
