3456 4677
1034 909 803 75 DE M. DES ROCHES.

2146 932 60 94 14

750 1002 1100 117 Prenez pitié de luy, & l'attirez ô Dieu,

698 1093 1237 125 Qu'en vos ſeules faueurs pour iamais il s'apuie,

693 1177 1172 124 Donnez luy vn Dæmon conducteur de ſa vie,

698 1252 1211 138 Qui puiſſe heureuſement la guider en tout lieu.

750 1416 946 124 Inspirez nous außi ſupréme Deité,

691 1512 1341 143 Que nous puißions par vous reconnoiſtre les choſes,

686 1579 1351 161 Dans les cercles des Cieux ſongneuſement encloſes

683 1665 1117 138 Obſeruant en leurs cours vn ordre limité.

743 1826 1000 143 Si ce bien doit venir par reuelations,

680 1907 1211 158 Il nous faut ſobrement abſtenir de tout viure,

673 1992 1255 162 Dont ie deffens l’vſage, & rendre plus deliure

670 2073 1177 156 Le Cors de ſes humeurs, l'Esprit de paßions.

714 2250 1060 148 Comme le feu luyſant eſlongne le tiſon

675 2325 1234 169 Pour s’eſleuer en haut: delaiſſants la dépouille

673 2413 1335 174 De ce cors imparfait, qui nous corront & ſouille,

670 2504 1083 161 Diuins nous laiſſerons la mortelle priſon.

1132 2764 533 125 Fin des vers dorez.

1868 3051 125 125 D ij
