3456 4677
1486 886 935 75 NOVVELLES OEVVRES

1364 1273 1299 127 Les enigmes du meſme

1751 1414 530 98 AVTEVR

1582 1561 1190 99 E recherchez iamais les chemins frequẽtez,

1579 1655 1201 101 Pour voꝰ guider au tẽple, aĩs ſuiuez vne trace,

1585 1735 1122 99 Qui vous retire loing de la vulgaire place,

1583 1812 1190 97 Et des profanes lieux impudemment hantez.

1304 1987 1349 94 Entrant aux lieux ſacrez aiez les piedz tous nus,

1242 2073 1112 91 Expiez vos eſpris, n’ayez en la memoire

1247 2151 1185 104 Lieu qui ne ſoit rempli de la diuine gloire,

1249 2239 1196 96 Penſez tous vos penſers estre de Dieu cõnus.

1312 2408 1302 99 Auant que prier Dieu retournez vous en rond,

1257 2499 1175 88 Pour-ce que l’vniuers est d'vne forme ronde.

1255 2585 1296 104 Et que Dieu garde en ſoy la forme de ce monde,

1262 2673 1276 99 Tournant de toutes pars vous le verrez à frond.

1325 2834 1205 112 Tout ce que l’on dira des ouurages parfaitz

1260 2920 1070 94 De la Diuinité croiez l’auſsi de meſme,

1260 3003 1304 96 L’on ne voit rien de bon, de beau, n’y de ſupréme,

1273 3092 1273 109 Que Dieu ne ſoit touſiours cauſe de telz effaictz.
