3456 4677
1075 904 780 70 DE M. DES ROCHES.

2180 892 62 90 15

763 1005 1476 109 Ne rongnez pas vostre ongle aupres de l’Autel ſaint,

711 1106 1128 86 Mais priez ardamment, ayant vne penſée

727 1177 1214 88 Craintiue pourſuiuant l’oraiſon commencée,

717 1260 1185 98 Dieu ayme volontiers cetuy la qui le craint.

761 1418 1005 107 Adreſſant ves propos à la Diuinité.

711 1504 1209 109 Il ne faut point fuïr le lieu obſcur & ſombre,

722 1587 1349 112 C'est la meſme Lueur, qui luy peut donner ombre?

701 1673 1076 104 Mais qui peut esclairer ſa haute Deité?

737 1839 1305 101 Fuiez ce qui eſt propre aux Dæmõs ſouſterrains,

706 1925 1359 101 Imitez ce grand Dieu qui commande a ſa langue,

704 2003 1109 101 Reuerez de l Echo la modeste harangue,

709 2086 1356 112 Quand les vens furieux ſe monstrẽt plus hautains.

750 2255 1310 114 Dieu celeſte eſt ſans pair, il n'a point de pareil.

704 2343 1252 107 Pource le nombre impair luy eſt plus agreable

698 2424 1092 106 Que ne ſera iamais le nombre diuiſable,

701 2515 1359 117 Appartenãt aux Dieux qui n'ont point de Soleil.

766 2686 1123 117 N’attiſez pas le feu auecques le couteau,

693 2772 1222 112 Reiettez ce qui point: ſi vos mains fauorables

696 2852 1065 107 A l’vn de vos amis ont esté ſecourables,

698 2933 1126 117 Ne le veuillez laiſſer acable d’vn fardeau.

766 3102 1289 117 En prenãt des ſouliers, que le pied droit ſoudain

1915 3234 136 98 D iij
