3456 4677
1650 912 823 49 NOVVELLES OEVVRES

1255 971 1270 128 Soit le premier chauſſé lon en a plus d’affaires,

1260 1057 1309 127 C'eſt luy qui doit courir aux labeurs ordinaires,

1257 1138 1315 124 Auancez le pied gauche entrant dedans le bain.

1304 1309 1089 117 Ne iettez la viande en vn vaiſſeau polu,

1252 1390 1029 117 Ne vueillez pas ſemer vne belle ſentence

1249 1468 1152 127 En vn esſprit gasté de vice & d’ignorance,

1260 1553 1003 120 Qui est en ſon erreur folement reſolu.

1307 1720 1221 132 Si vous ſentez vn ioug vous aurez bien raiſon

1242 1795 1231 130 De ne l’afranchir point: maintenez la balance

1242 1883 1223 133 D’vn equilibre poix: n’ayez ceſte inconstance

1244 1964 1201 132 En ſortant de r'entrer dedans voſtre maiſon.

1299 2130 1083 133 Ne meſpriſez iamais le celeste flambeau

1234 2216 1317 138 En parlant contre luy, ou faiſant choſe impure,

1229 2307 1003 130 De ce que iuge l’œil en toute creature,

1231 2387 1242 151 Dieu n'a rien fait ſi pur, ſi luyſant ny ſi beau.

1265 2559 1380 158 L’huyle preſant des Dieux eſt donnée aux mortelz

1226 2647 1242 143 Pour ſeruir d’aliment à noſtre humaine race,

1223 2733 1300 145 Non pour lauer vn ſiege ains pour lauer la face,

1221 2816 1234 146 Et nourrir le ſaint feu luyſant ſur les autelz.

1283 2980 1019 138 N'eſſayez d’entailler la figure de Dieu

1213 3073 1177 141 En bague ny ioyau, veu qu’il eſt toute forme,
