3456 4677
1073 896 784 80 DE M. DES ROCHES.

2157 912 66 101 15

717 1000 1364 119 Uous ne pouuez rien voir à ſa grandeur conforme,

717 1078 1140 119 Ny renfermer celuy qui renferme tout lieu.

779 1229 1240 119 Ne ſortez point de vous en la faueur d’autruy,

717 1301 1104 117 C'est ſe precipiter & destruire ſon eſtre:

698 1390 1357 132 L’homme trop deſireux de celuy qu’il fait naiſtre,

696 1486 1190 114 Souuent ſe meurt en ſoy, afin de viure en luy.

753 1623 1247 130 Il ne fault pas penſer qu’en allant & venant,

691 1707 1062 124 On face ſagement vne pronte deſpeſche,

680 1787 1294 133 Le cors ſe trauaillant l’esprit mémes s’empeſche,

678 1878 1348 127 Dieu qui fait tout mouuoir eſt touſiours permanãt.

675 2018 1240 120 L'on ne doit eſtre aßis ſur le fond du boyceau,

678 2104 1130 125 Pour demeurer oyſif & cacher la meſure,

675 2192 1136 117 N’auoir en ſa maiſon l’infame nourriture

667 2270 1203 130 De beſte à ongle croche, ou de l’ingrat oyſeau.

730 2426 1130 115 Ne regardez iamais au dedans du miroir

660 2515 1187 122 Le ſoir quand vous auez vne foible lumiere,

662 2600 1354 117 Uoſtre œil perdant des Cieux la clarté coutumiere

660 2686 1203 130 Ne iuge ce qu’il voit mais ce qu’il penſe voir.

735 2832 1102 132 Il faut nourrir le Coq ſans le ſacrifier,

644 2917 1193 117 Pource qu’il eſt ſacré au Soleil & la Lune,

641 3006 1068 109 Il reuere du iour la lumiere opportune,

639 3086 1164 122 Et ſalüe la nuit d’vn chant doucement fier.

1665 3206 153 104 D iiij
