3456 4677
1598 886 818 62 NOVVELLES OEVVRES

1309 995 1146 88 Leuez vous au matin des-que le Soleil luit,

1242 1080 1039 89 Puis effacez du lit la trace acoustumée,

1242 1166 1065 81 Du cors materiel lourdement imprimée,

1244 1252 1211 96 Lors qu’il estoit en garde au repos de la nuit.

1309 1395 1066 99 Ne riez ſans propos d vn ris deſmeſuré,

1242 1481 1216 88 Qui difforme les yeux les ioues, & la bouche,

1239 1561 1354 96 Et beaucoup plus l'Esprit que la Raiſon ne touche

1247 1647 1112 93 Ne voulant demeurer en lieu mal aſſeuré.

1301 1792 1258 86 Si vous auez des biens, des honneurs, des estatz,

1234 1878 1148 94 Ayez des heritiers: mais c’est vne miſere,

1239 1964 1286 93 Eſtant pauure indigent de s oüir nommer pere,

1242 2044 1221 107 Par vn peuple d’Enfans qui ſont noüez ſi bas,

1304 2190 1297 99 Ne profondez le plan, vous rendez le cors lourd,

1239 2273 1307 99 Nourriſſant trop les ſens, l’ Ame en est afoiblie,

1236 2359 1149 101 L'Abderite penſoit l'Ame plus anoblie,

1239 2450 1239 101 Lors que le cors estoit muet, aueugle, & ſourd.

1299 2600 1299 102 Ne portez point d’anneau qui vous bleſſe le doy.

1236 2689 1123 99 Deſſerrez les liens d'vne cheſne importune

1244 2777 1188 88 Soiez ſerfe de Uertu & maistre de Fortune,

1244 2852 1146 107 Et qu’a tous vos deſirs la Raiſon donne loy.

1322 3003 1214 99 Semez la douce mane enſemançeant le doux,

1234 3089 1185 106 On ne ceuille l’amer, ne mangez pas en herbe

2533 3177 234 83 Uostre
