3456 4677
1054 899 824 70 DE M. DES ROCHES.

2164 908 63 89 17

693 995 1339 109 Uostre Blé verdiſſant: mais receuillez l'en Gerbe

701 1083 1185 122 Et le gardez ſongneux pour le profit de tous.

761 1249 1304 122 Ne tendez pas la main à qui la main vous tend,

698 1338 1282 117 Qui ne vous parle bien ne rendez point reſponce,

691 1418 1198 115 Uoyez la rude Eſpine & l’importune Ronce

701 1504 1351 119 Qui ſuiuent d’autant plus que plus on s’en defend.

753 1668 1242 111 Abstenez veus de feue, ou ſoit que l'Aliment

688 1751 1133 122 Perde vostre ſanté, ou que les ſortz iniques

691 1834 1322 114 Uous ordonnent par elle aux affaires Publiques,

688 1914 1344 112 N'en troublez vos humeurs n’y vostre Entendemẽt.

761 2091 977 107 Ne rompez pas le pain n'y la ſocieté

680 2169 1383 120 Qui vous fait viure en paix par les tourbes Ciuilles

667 2250 1183 111 Mais estimez les biens vous estre plus vtilles

675 2333 1084 119 Qui honorent le plus vous & vostre Cité.

717 2512 1307 120 Chantez aues la Lyre vn chant plain de pudeur,

675 2606 1188 114 Une voix ſeulement ne fait pas la Muſique,

660 2686 1200 122 Meſlant aux doux acors la parole pudique

667 2767 1167 122 Uous retenez l’Eſprit en ſa pure Candeur.

719 2941 1084 114 Soyez de vos regards ſagement curieux,

654 3019 1136 117 Ne regardez en hault la couleur violante,

649 3115 1320 122 Le Rouge est proprement vne couleur ſanglante,

1930 3219 78 105 E
