3456 4677
1512 844 961 73 NOVVELLES OEVVRES

1255 945 1291 104 Gastant la douce humeur nourrice de nos yeux.

1320 1112 1239 114 Ne ramaſſez iamais ſoubz le pied du treteau,

1247 1210 1203 89 Les morceaux espandus: c'est vne gloutonnie,

1249 1286 1248 104 Ou c’est trahir l’honneur de vostre compagnie

1255 1377 1164 101 Si aux propos tombez vous n’apoſez le Seau.

1299 1538 1096 104 Tirant le pot du feu esfacez le pourtrait

1257 1618 1253 112 Qu’il imprimoit de ſoy dedans la cendre morte:

1252 1712 1351 91 Hé vraiement le courroux dedans vne ame accorte

1252 1792 1117 96 Ne doit pas engrauer vn malicieux trait.

1294 1959 1200 109 Celuy qui est Despit, de ſon cueur est repeu:

1244 2042 1190 112 Celuy qui est Haineux, il mange ſa ceruelle:

1244 2122 1084 120 Celuy qui veut fuïr la magique cautelle,

1247 2208 1154 101 Aiant coupé ſon poil le iette dans le Feu.

1309 2374 1112 99 Honorez la Statue, ell' est ferme ſoustien

1244 2463 1182 101 De tous les cors maßifz: que la forme carrée,

1244 2535 1253 112 De l'Autel ſoit par vous humblement reuerée:

1244 2624 1203 122 Les trois deniers außi reſſource de tout bien.

1294 2801 1216 119 Laiſſez manger le Glan au Citoiens des bois:

1242 2899 1262 112 Et prenez le froment que nostre terre apporte:

1242 2972 1143 117 Si vn bon Politic vous fait ouurir ſa porte,

1236 3055 1172 127 Laiſſez la mode agreste, & receuez ſes lois.
