3456 4677
1067 873 780 80 DE M. DES ROCHES.

2157 880 74 102 18

774 966 1291 122 Aimez la ſainte Mauue, en ſon temperament

711 1049 1310 122 On regle les humeurs & les meurs tout enſemble:

706 1130 1172 132 La ſante la vertu dans ſa fleur ell'aſſemble

722 1218 1102 120 Car la ſanté deſpand de viure ſobrement.

766 1382 1377 130 Quand vous offrez du vin deſſus l’Autel des Dieux

693 1470 1287 133 Aumoins qu’il ne ſoit pas d’vne vigne ſauuage:

691 1548 1109 130 Si le Ciel liberal vous donne ce breuuage,

693 1634 1284 132 Honorez d’vn labeur ce dous preſent des Cieux.

737 1800 1131 122 Ne ſoiez deſireux d’auoir des Animaux

686 1888 1361 133 Pour les nourrir chez vous: il est trop deshonneste

688 1972 1299 132 D’auoir le cueur espoint par le ſoing d'vne beste,

691 2068 1276 124 Qui n'apporte profit qu'auec beaucoup de maux.

737 2231 1292 123 Ne blamez la Couronne, ains reuerez les Roys,

686 2315 1275 114 Car ilz ſont Lieutenantz du celeste Monarque:

670 2398 1356 140 Dieu graue ſur leurs fronds ſa veritable marque,

667 2478 1300 130 Et fait plier leurs cueurs ſoubz le vent de ſa vois.

719 2647 1123 143 Estimez que le ſel est touſiours de ſaiſon,

654 2738 1185 140 Il garde de corompre, il à tant de puiſſance

657 2832 1115 124 Qu'il eſt dit entre nous ſigne de ſapience,

654 2910 1151 135 Comme s'il tenoit lieu de l’humaine raiſon.

704 3081 1185 148 Ne vueillez point tuer les innocents poiſſons,

1848 3215 149 117 E ij
