3456 4677
1572 878 844 75 NOVVELLES OEVVRES

1239 982 1398 119 Qui demeurent ſegretz dans leurs ondes tranquilles,

1234 1078 1250 104 Ilz ne vont rauageant vos campagnes fertilles,

1234 1158 1260 91 Ny n'emportent iamau le bien de vos maiſons.

1296 1325 1221 106 Brief il faut par moyens ſagement inuentez.

1231 1408 1073 109 Par le fer, par le feu, chaſſer la maladie

1231 1496 1099 99 Du cors intemperé, puis conſeruer la vie,

1236 1577 1071 104 Heureuſe la gardant des ſalles voluptez.

1296 1738 1102 109 Vueillez chaſſer de vous toute ſtupidité,

1239 1824 1250 111 Qui rend l’esprit großier: & le diſcord moleste

1236 1914 1232 99 Loing de vostre maiſon: & la commune peste

1239 1990 902 106 De la ſedition dehors de la Cité.

1286 2164 1166 88 Estant pres de la fin ne veus estonnez pas,

1239 2244 1323 104 Attendez constamment le Cizeau de la Parque,

1244 2333 1359 99 Ne craignez point d'entrer dans la fatale Barque,

1247 2421 1096 83 L'Ame ny le renom ne ſentent le trespas.

1673 2585 527 109 Fin des Enigmes.

1382 2756 1221 99 PRIERE AVANT LE REPAS.

1309 2839 1370 120 Nourriſſez nous des biens que vostre main produit,

1249 2949 1042 88 O pere Souuerain que cete compaignie

1247 3016 1143 102 Deſirant ardamment vostre grace infinie,

1252 3097 1076 117 Gouste par viue foy le perdur able fruit.
