3456 4677
1039 852 787 78 DE M. DES ROCHES.

2157 873 58 74 19

839 969 1211 104 PRIERES APRES LE REPAS.

690 1149 152 168 D

839 1130 1130 114 Ieu qui fistes pleuuoir ſur Iſraël la mane,

846 1219 1291 113 Quand dedans les Deſertz il languiſſoit de fain,

683 1304 1284 106 Eſlongnez de nos coeurs tout vain deſir profane,

686 1384 1200 110 Nourriſſant nos Esprits par le celeste pain.

686 1546 1361 111 A TRES-ILLVSTRE PRINCES¬

795 1649 1117 94 SE ET REVERENDE ABESSE,

953 1720 811 96 Madame de Saincte Croix.

713 1890 110 187 V

828 1888 1235 112 Ierge qui reſemblez la blanche fleur de Lys

838 1972 1291 97 Par la pure candeur de vostre Ame tant dine,

701 2065 1203 96 Ces vers ſeront par vous doucement receuillis,

701 2141 1312 111 Chantantz les motz ſacrez de la Uierge Diuine.

766 2304 1367 112 CANTIQVE DE L’HEVREVSE

974 2416 964 73 VIERGE MERE DE DIEV.

702 2572 144 148 M

841 2572 1339 112 On Ame louez Dieu monſeigneur, mon Sauueur,

844 2655 1071 120 Et vous reſiouiſſez d’auoir eu ſa faueur.

704 2741 1159 98 Car il à regardé vers ſon humble ſeruante,

701 2832 1190 98 Dont toute Nation bien-heureuſe me vante.

782 2915 1146 109 Celluy qui est treſ-grand ma voulu eſleuer,

698 2993 1258 119 Et dans ſon Sanctuaire il me faict approuuer.

704 3081 1068 117 Sa pitié, ſa douceur, & ſa Diuine Grace

1920 3188 132 106 E iij
