3456 4677
1618 865 843 82 NOVVELLES OEVVRES

1252 966 1442 114 Aux humbles & craintifs, s’eſpand de race en race.

1325 1057 1130 107 La vertu, la puiſſance, & force de ſon bras

1252 1138 1294 109 D'eſtruit les orgueilleux, & les fait choir en bas

1252 1221 1299 109 De leurs ſieges plus hauts, il les eſtand ſur terre:

1249 1304 1149 109 Les bons humiliez ne ſentent telle guerre:

1314 1387 1164 109 Ilz iouyſſent des biens que la terre produit,

1244 1470 1219 109 Dont les riches mauuais ont perdu l’vſufruit.

1242 1548 1008 107 Il adopte Iſrael, ſon ſeruiteur fidelle,

1242 1639 1146 101 Par ſa miſericorde & faueur immortelle.

1304 1725 1213 93 Le bon pere Abraham & nos autres ayeux

1236 1792 1315 125 Uoiẽt ſur leurs enfans tout le bonheur des Cieux.

1234 1881 1322 117 Gloyre au Pere & au Filz, au ſaint Eſprit encore

1242 1966 1156 110 Qui font la Trinité qu’vniquement i’adore.

1334 2139 1217 105 A MONSEIGNEVR LE

1560 2221 753 101 PRINCE D’OMBRE.

1244 2365 117 176 V

1373 2369 1361 144 Ous eſtes Prince d’Ombre, ains pluſtoſt de lumiere,

1369 2474 1377 133 Car voſtre eſprit diuin reluit comme vn flambeau,

1217 2564 1240 117 Par le cors transparant d’vne belle Uerriere,

1220 2646 1171 113 Qui cede à la clarté de voſtre cors tant beau,

1271 2825 964 109 Le Soleil careſſant vne Roſe naiue,

1205 2895 1217 117 Alume ſa fraiſcheur par vn luſtre vermeil

1209 2993 1252 101 Et de voſtre beau teint la blanche couleur viue

1197 3059 1190 144 Monſtre que vous auez la faueur du Soleil.
