3456 4677
1093 909 796 80 DE M. DES ROCHES.

2137 919 121 90 20

756 997 1265 141 La Roſe eſt du Lys blanc la campagne loyale,

704 1083 1205 130 Le Soleil les nourrit comme ſes chers enfans,

709 1164 1177 124 Uous eſtes vn Fleuron de la maiſon Royale

711 1247 1310 140 Ou fleuriſſent des Lys les honneurs trionphans.

802 1418 1193 125 Combien que le Soleil vous face voir & viure,

704 1509 1291 122 Donnant à voftre cors ſon plus digne ornement,

704 1592 995 112 Sage vous deſirez les vertus & le liure

704 1662 1231 125 Pour estre les Soleilz de vostre Entendement.

735 1826 1312 138 O Prince du Soleil & non plus Prince d'Ombre,

696 1912 1187 135 Uiuez heureuſement dans ce cors Enfantin,

696 2000 1343 128 Gardez ce rare Eſprit qui vous rend hors de nõbre,

696 2081 972 117 Unique fauori du Ciel & du destin.

860 2250 1062 137 SECOND CANTIQVE.

702 2424 128 179 C

842 2416 749 121 Omme le Cedre paroiſſant,

842 2525 944 121 Au plus haut du Liban croiſſant,

693 2595 897 122 Dieu veut que ſage, douce & belle

693 2686 738 122 Ie paſſe toute autre pucelle.

761 2860 701 112 Comme le Cypres en Syon

691 2941 647 112 S’eſleue en ſa perfection,

688 3027 769 109 Ainſi mon Dieu ma eſleuée

693 3123 736 101 Et entre toutes approuuée.
