3456 4677
1616 870 922 75 NOVVELLES OEVVRES

1359 969 862 117 Comme la palme en ſes beautez

1273 1049 717 115 Orne Cadez de tous coſtez,

1268 1138 995 114 Ainſi le Seigneur Dieu commande

1273 1221 948 124 Qu'humble ie paroiſſe plus grande.

1322 1387 790 114 Comme la Roſe du Printans

1268 1465 730 114 Pare de Hierico les chams,

1270 1559 728 109 Tout ainſi la Diuine grace

1265 1636 772 123 Reluit en ma plaiſante face.

1327 1798 756 119 Comme l'Oliuier palliſſant,

1262 1888 811 117 Comme le Laurier verdiſſant,

1270 1966 834 123 Comme le Plan deſſus la Riue,

1257 2055 673 104 S’eſleue ma beauté naiue.

1343 2221 720 122 Toute la place que ie tiens

1252 2302 782 124 Se reſſent außi de mes biens,

1247 2385 694 117 Parfumée de mon haleine

1249 2468 881 138 De Baume & de Canelle pleine.

1275 2647 834 125 Ainſi donc mes douces odeurs

1242 2728 826 127 Reſiouyſſent les triſtes cueurs,

1234 2819 738 119 Mais c'eſt vne vertu celeſte

1244 2899 936 141 Que Dieu par moy rend manifeſte.

2260 3029 484 109 EPITAPHE
