3456 4677
1065 893 837 96 DE M. DES ROCHES.

2174 927 68 75 21

774 1187 1359 161 Epitaphe de feu Monſieur

873 1325 1151 117 DE SAINCT SEGONDIN.

721 1488 70 184 P

807 1484 1330 129 Leurez Muſes pleurez, vous perdez auiourd'huy,

803 1574 1233 133 La vie de celuy, qui vous fait viure au monde,

688 1649 1331 136 Car d’vn Saint-Secondin la valleur ſans ſeconde,

693 1738 1507 145 Seule eſtoit vostre Honneur, voſtre Eſpoir, voſtre Appuy.

756 1909 1094 125 Graces pleurez außi: voſtre temple ſacré

683 1987 1216 125 Est du tout demoly par la Parque enuyeuſe,

683 2068 1187 130 Et ne laiſſez tomber dedans l’onde oublieuſe

678 2154 1177 137 Le nom qui vous tenoit en vn ſi haut degré.

740 2322 1221 123 Sçiences & vertus demonstrant voſtre dueil,

675 2400 1297 133 Pleurez, plaignez, criez de ſi triste aduenture,

673 2494 1143 130 N’abandonnez iamais ſa chere Sepulture,

675 2582 1130 125 Il vous eſtoit recueil, & vous ſera cercueil.

730 2751 1307 125 Plantes, Herbes & Fleurs que ſon aymé Iardin

667 2837 1232 127 Produyſoit chaſcun iour, pleurez infortunées,

665 2928 1213 112 Helas! vous n’auez ſceu vaincre les deſtinées

665 3003 953 125 Pour retenir yci l’Eſculape diuin.

1911 3114 66 109 F
