3456 4677
1075 922 808 88 DE M. DES ROCHES.

2141 943 94 82 22

1096 1484 959 164 Epiſtre a ſa Mere,

1101 1691 756 94 SVR SA BERGERIE.

1156 1899 1081 112 A MERE ie ne m’excuſeray point

1145 1979 1087 117 d’auoir fait parler des Bergers pl⁹ hau¬

1145 2078 1087 96 tement qu’il n’appartient: car ce ſeroit

1151 2164 1075 99 preſumer leur auoir apris ce que ie ne

1142 2241 1073 113 ſçay pas, veu qu’ilz ne diſent ſinon ce

701 2312 1525 125 qui leur eſt inſpiré par moy. Vrayment quand ie penſe

696 2390 1530 132 à l’eloquent ſçauoir de ce grand Prophete qui de Ber¬

698 2486 1528 130 ger eſt deuenu Roy, iay honte d’ouïr deuiſer mes pa¬

696 2580 1530 111 ſteurs auec ſi peu d’artifice: & meſmes en me ſouue¬

693 2676 1533 106 nant comment Virgille recommande a ceux qui ont

693 2749 1533 129 ſoing des troupeaux & du labourage, qu’ilz ſçachent

696 2832 1525 130 bien recõnoiſtre le cours des Aſtres, & la face de l’Air,

693 2925 1528 109 puis que la terre & ſes hoſtes en depandẽt: Mon Dieu

693 3011 1526 119 que feray-ie donques dire a ces Bergers, ma MERE,

696 3097 1525 122 ſi ie ne ſçay pas ce qu’ilz deuroient ſçauoir: mais il me

1864 3188 129 120 F ij
