3456 4677
1054 896 824 86 DE M. DES ROCHES.

2137 919 90 82 23

974 1265 1024 166 BERGERIE.

860 1426 1203 117 Les noms des Bergers Violier, Fleurion.

953 1517 1021 109 Les noms des Bergeres, Marguerite

1057 1597 832 115 Roſeline, Penſée, Amaranthe.

1213 1683 456 105 VIOEIER.

1034 1764 1182 124 RES que mes Brebis ſont dedans la prairie,

1031 1850 1146 124 Repaiſſant a ſouhait la belle herbe fleurie,

1034 1948 1153 109 Ie me veux retirer deſſoubz cet arbriſſeau,

1029 2007 1178 136 Pour eſtre vigilant, voiſin de mon troupeau.

691 2089 1169 129 Et la i’entretiendray vn penſer agreable,

691 2167 1296 137 Un penſer qui m'est plus que le Soleil aimable,

680 2252 1164 138 Le Soleil donne iour a nos yeux corporelz,

693 2338 1222 138 Ce beau penſer fait voir les eſpritz immortelz.

680 2416 1294 148 Il leur fait contempler ſur la voute  AEtherée,

675 2507 1110 135 Des ſept Globes diuins la dance meſurée:

678 2598 1328 148 Tous ceux qui ont des yeux ne la connoiſſent pas

657 2678 1151 146 Mais le diuin penſer est iuge de leurs pas,

657 2764 1161 140 Liſant euidemment au ſein de la Nature,

657 2855 1047 135 Le paſſé, le preſent, & la cauſe future.

660 2943 1192 128 Ce dous penſer attache vne aile a mon deſir,

657 3021 1133 133 Pour le faire voler au lieu de mon plaiſir.

652 3110 1309 140 Puis il vient r’apporter au profond de mon ame,

1677 3242 152 105 F iij
