3456 4677
1613 888 915 81 NOVVELLES OEVVRES

1275 979 1294 122 Le pourtrait des vertus & beautez de Madame.

1281 1067 1283 120 O penſer mon mignon combien i’ay de douceurs,

1275 1148 1260 125 Combien i’ay de plaiſirs, de tes ſaintes faueurs!

1283 1244 1245 114 O mon cher compagnon, par ta douce preſence

1278 1317 1250 117 Ie voy les yeux fermez, le diſcours en abſence.

1288 1403 1110 114 O gracieux penſer tu charmes doucement

1268 1478 1288 135 Mes ſens qui ſont par toy priuez de ſentiment.

1673 1578 519 90 FLEVRION.

1351 1647 1198 132 Le Ciel me rit touſiours ie ſaulte d'alegreſſe,

1265 1730 1195 133 I'œillade les beautez de ma chere maiſtreſſe,

1262 1829 1227 109 Ie nourrus mon esprit de ſes propos tant dous,

1260 1901 1039 120 Ie ſuis fauoriſé de la fortune heureuſe,

1262 1987 1185 125 Et i'ay tant de plaiſir en ma vie amoureuſe,

1268 2070 1260 115 Que le Bonheur ſeroit de mon bonheur ialous.

1304 2237 1317 130 L’Ennuy pâle & defait iamais ne ſe rencontre,

1255 2322 1361 128 Au deuant de mes yeux, le Soupçon ne ſi monſtre,

1255 2406 1218 109 La Crainte, le Souci, la Peine, & la Douleur

1257 2491 1255 135 S'écartent loing de moy, voyant ce beau viſage,

1270 2585 1172 122 Cette vnique beauté, qui me tient en ſeruage,

1260 2665 1312 117 Brief le Bonbeur ſeroit ialous de mon bonheur.

1301 2832 1157 140 Mais qui eſt ce Berger penſif & ſolitaire,

1255 2925 1099 115 Qui ſe tire à l'eſcart fuyant le populaire,

1249 3008 1219 122 Et ſe monstre rauy en vn grand penſement?

1244 3086 1066 130 Seulet il s’entretient du paiſible ſilence,
