3456 4677
1561 1086 910 104 *EXTRAICT DV

1717 1236 577 70 PRIVILEGE.

1291 1426 93 184 P

1408 1397 1367 86 AR grace & Priuilege du Roy, Il eſt permis à Nicolas

1380 1449 1389 98 Courtoys libraire iuré de I'Vniuerſité de Poictiers, d’impri¬

1369 1514 1413 96 mer, ou faire imprimer vn liure intitulé (Les ſecondes

1270 1574 1502 86 Oeuures de Mes-Dames des Roches de Poictiers Mere & Fille), &

1270 1639 1512 83 ce pour le temps & terme de ſix ans, à commancer du iour & date

1273 1696 1512 81 que le liure ſera acheué d’'imprimer: Et ſont faictes deffences à tous

1275 1753 1507 84 imprimeurs & autres de quelque qualité qu’ilz ſoyent, de non im¬

1281 1803 1496 106 primer, vendre, ne diſtribuez ledict liure, ſans le congé & conſente¬

1281 1873 1507 86 ment dudict Courtoys, ſur les peines contenues aux lettres dudict

1286 1935 1507 89 Priuilege ſurce données, a Paris le premier iour de Iuin, Mil cinq

1286 2008 538 73 cens quatre vingt-trois.

1517 2117 312 81 Ainſi ſigné,

1720 2221 670 88 Per le Roy, En ſon conſeil.

2315 2343 319 73 RAFFIN.
