3456 4677
1073 917 766 75 DE M. DES ROCHES.

2153 939 78 93 24

711 1021 1193 104 Ie le veux accoſter d’vne humble reuerence

714 1109 1237 109 Donnant a mes propos vn tel commancement.

769 1262 1296 138 Pan le Dieu des Bergers recompenſe vos peines,

711 1345 1185 128 Faiſant multiplier ves Brebis porte-laines,

704 1429 1250 140 Rende vos troupeaux gras, voſtre ſerf diligent,

698 1517 1365 132 Uoſtre champ fructueux voſtre main dure & forte,

701 1603 1297 130 Dans voſtre cors dispos garde voſtre ame accorte,

701 1678 1442 146 Uos greniers plains de blé, vos cofres plains d’argent.

1259 1773 316 105 VIOL.

756 1850 1250 127 Ainſi ſoit-il de vous, voyre trop mieux encore,

688 1930 1323 156 Mais ne m'eſlongnez point du penſer que i'adore.

1252 2026 304 102 FLEV.

761 2099 1216 143 Chaſſez pluſtoſt de vous ce penſer rauiſſant,

683 2177 1143 148 Par l’aymable regard d’vne gaye Bergere,

683 2270 1068 133 Ce penſer s’enfuyra comme choſe legere,

683 2351 1315 148 Un regard amoureux eſt touſiours plus puiſſant.

1263 2451 301 109 VIOL.

732 2522 1427 164 Uraiment des yeux aimez ont beaucoup de puiſſance:

675 2608 1177 146 Ie l’ay veu en preſence & le ſens en abſence.

1244 2712 296 109 FLEV.

717 2782 1348 159 Ce qui eſt loing des yeux s’eſlongne außi du cueur,

673 2868 1400 153 Aymez les beaux obietz que l’amour vous preſente.

1236 2969 324 106 VIOI.

732 3029 1235 151 Ha! ie ſuis tant lié des graces d'Amaranthe

670 3125 1380 151 Qu'vn autre œil ne ſera iamais du mien vaincueur.

1782 3270 168 101 F iiij
