3456 4677
1626 878 847 78 NOVVELLES OEVVRES

1813 978 305 101 FLEV.

1325 1065 1192 109 Que vous ſert-il d’aymer vne beauté abſente?

1825 1149 281 98 VIOL.

1312 1234 1255 111 Amour inceſſamment à mes yeux la preſente.

1806 1313 300 101 FLEV.

1314 1403 1055 106 Ie ne ſuis pas ainſi, i'ayme ce que ie voy,

1242 1483 1346 112 I’accompagne en tous lieux ma belle Marguerite,

1242 1566 1195 109 Elle qui reconnoist ma Foy & mon merite,

1234 1652 1192 114 Me retenant pour ſien ſe donne toute a moy.

1304 1816 1198 114 I’ay quelque fois esté amoureux d’vne Fille,

1242 1901 1242 117 Qui eſt en mon pays belle, honneſte & gentille,

1229 1987 1122 112 Mais ores me voyant eſlongné de ſes yeux,

1236 2083 1128 97 Dont ie n'ay retenu que de foibles images

1234 2154 1296 122 Pour donner quelque frain à mes deſirs volages,

1239 2242 1237 99 Ie ſuis d’vn autre amour doucement ſoucieux.

1790 2319 289 97 VIOL.

1260 2406 1322 119 Vous n’aimaſtes iamais, ou vous n'eſtes prenable,

1229 2499 1353 117 Ou l’obiet qui vous prit n'eſt point aſſez aymable:

1229 2590 1278 101 Non i’en donne du tout la coulpe a voſtre esprit,

1223 2673 1357 109 Uostre eſprit reſſemblant aux communes tabletes

1226 2762 1281 101 Ou lon eſcrit cent fois, cent fois on les rend nettes

1234 2845 1229 109 Pour y grauer touſiours quelque nouuel écrit.

1304 3006 1211 119 La playe de l'Amour est du tout incurable,

1226 3092 1073 114 Si l’aimée ne void d'vn regard pitoyable

2536 3206 132 78 Son
