3456 4677
1057 909 824 78 DE M. DES ROCHES.

2145 927 70 86 25

704 1015 1338 115 Son Amant languiſſant, qui le pourra guerir?

704 1099 1392 106 Si l’Amour luy deſcoche vn beau trait de ſa trouſſe,

701 1182 1427 111 Si ſon Amant la treuue humble, courtoiſe & douce,

719 1265 1115 106 C'est viure mille-fois & mille-fois mourir.

1252 1348 245 90 FLEV.

761 1434 1180 101 Ie ne mourray iamais aymant de telle ſorte.

1236 1520 277 93 VIOL.

698 1603 1360 111 Uous n’aymerez iamais, ſi voſtre ame en ſoy morte

704 1681 668 109 N'eſt viue en ſon aymée.

1248 1765 230 98 FLEV.

748 1842 714 117 Il me plaist d’eſtre ainſi,

701 1933 603 109 D'aymer ſans paßion.

1244 2018 269 102 VIOL.

732 2099 684 112 Moy bien que ie ſouspire

691 2177 1190 117 Enflamé des vertus & beautez que i’admire,

696 2270 1182 112 Ie treuue mes plaiſirs au ſein de mon ſouci.

1248 2354 234 101 FLEV.

753 2432 1450 132 Ma Maiſtreſſe s’en vient, ô mon Dieu qu'elle est belle,

675 2530 1411 117 La voyez vous Berger? chantons pour l’amour d’elle.

1271 2619 269 101 VIOL.

730 2702 1101 124 Uous penſez diuertir ce gracieux penſer

667 2788 1240 106 Qui retient mis eſpris: la beauté qui me touche

662 2868 1351 117 Se lira dans mon cueur, s’entendra de ma bouche,

665 2959 1265 112 Ie veus en ſa faueur ma Chanſon commancer.

1236 3043 261 102 FLEV.

727 3128 1258 132 Ie veux chanter außi, puis que ma Bergerette

1938 3223 70 128 G
