3456 4677
1634 886 852 77 NOVVELLES OEVVRES

1283 971 1141 128 Aßiſe aupres de moy, d’vne force foiblette

1278 1062 1294 120 Preſſe mes doitz des ſiens. Car ſes douces faueurs

1275 1143 1196 114 Me r'alument le cueur de nouuelles ardeurs.

1273 1231 1364 117 Amy commancez donc, puis ie ſuiuray vos traces,

1281 1309 1294 130 Chantant ma belle Fleur, & ſes gentilles graces.

1638 1399 597 105 CHANSON.

1759 1481 265 101 VIOL.

1304 1561 847 109 Amaranthe dont les beautez

1270 1644 793 109 Ne ſe verront iamais ternies,

1257 1725 629 117 Ie ne deſire priuautez

1265 1811 707 116 Que de vos graces infinies.

1309 1972 845 106 Mes ſens l’vn de l’autre ialous

1255 2060 831 112 Se bruloyent en vostre lumiere,

1255 2146 867 111 Ores mon cors est loing de vous,

1249 2234 889 107 Mon ame dans vous priſonniere.

1301 2393 824 124 Mon œil reſſembloit vn tiſon

1247 2486 951 125 Qui m'eſlançoit au cueur la flame,

1242 2574 943 125 Mon cueur eſt plus ſeur en priſon.

1247 2663 852 109 En vous la priſon de mon ame.

1294 2829 743 114 Comme le celeſte flambeau

1236 2915 754 109 Nous offence la foible veüe,

1231 2995 777 115 Si fait vostre Soleil iumeau

1244 3086 710 115 Qui ne ſe voyle d’une nüe.
