3456 4677
1049 932 821 86 DE M. DES ROCHES.

2138 953 91 75 26

769 1031 735 109 L'abſence me ſeruira don',

704 1117 634 109 De ce fauerable nüage,

701 1203 681 98 Et voſtre celeſte brandon

704 1286 917 117 Luira ſans fin dans mon courage.

753 1429 787 114 Abſent ie voy ce creſpe d'or,

696 1514 722 104 Qui enuironne voſtre teste,

696 1600 785 94 De vos vertus le beau threſor,

696 1683 821 109 Et vostre grace tant honneste.

735 1826 922 101 I'ayme bien vostre teint vermeil,

683 1912 720 101 Et voſtre bouche coraline,

673 1992 860 117 Mais plus cet Eſprit nompareil

680 2083 819 107 Qui vous fait estimer Diuine.

727 2231 707 89 Uos exercices coutumiers

662 2307 917 104 Me ſont touſiours en la memoire,

667 2398 816 109 Ie donne louange au premiers

667 2478 824 117 Et au derniers ie donne gloire.

711 2637 723 109 Allez ma petite Chanſon

660 2717 805 102 Salüer la belle Amaranthe:

660 2816 618 101 Receuez ame par le ſon

657 2886 912 125 De ſa douce voix qui m'enchante,

730 3027 1387 148 I'ay dit gentil Pasteur, ſuyuez donc s’il vous plaist,

652 3118 1268 142 Et chantez le plaiſir, qui vostre Ame repaist.

1919 3246 109 113 G ij
