3456 4677
990 904 802 59 DE M. DES ROCHE S.

2098 900 70 86 27

1273 1026 377 73 MARGVE.

719 1096 821 96 Ie ſongeois me voir l’autre ſoir

657 1174 787 96 Bien belle dedans vn miroir,

652 1260 738 104 Et me fut predit de Penſee

660 1351 849 93 D'estre en amour fort auancée.

701 1522 1242 94 Mignonne voyez vous aller par les campagnes

1232 1426 265 97 FLEV.

667 1605 1284 96 La Bergere Penſee, honneur de vos compagnes?

1256 1675 351 98 MARGVE.

711 1766 1313 104 Ie la voy mon Berger, ie voy ſes blonds cheueux

662 1850 1136 106 Enlaſſez proprement de mille petis neux,

667 1938 1188 91 Ie voy de ſes yeux vers les diuines flameches,

665 2013 1247 102 De Uenu le brandon, de Cupidon les fléches,

662 2099 1227 99 Ie voy de ſon beau frond l’iuoire blanchiſſant,

660 2185 1078 101 De ſes leures ie voy le coural rougiſſant,

657 2273 1172 83 Ie voy ſon col marbrin, ſa rondelette oreille,

649 2354 1240 85 L'arc de ſes beaux ſourcis, & la ioüe vermeille,

654 2442 1128 104 Ie voy ſon port gaillard, ſa graue maiesté.

641 2530 1136 99 Mais ie voy cheminer d'vn pas mal arreté

652 2616 1029 99 La belle Roſeline elle eſt toute ennuyee:

654 2712 1042 86 Pensée la ſoustient doucement apuyée,

657 2790 1174 83 Sur ſon bras delicat: elles viennent vers nous.

1154 2868 429 90 ROSELINE.

717 2959 1138 96 La Déeſſe Pales ait touiours ſoin de vous,

657 3042 1180 94 O Bergers mes amys, me direz vous nouuelle,

657 3133 1180 104 De ce que i'ay perdu? d'vne petite Agnelle?

1856 3211 141 117 G iij
