3456 4677
1595 892 858 66 NOUVELLES OEVVRES

1260 987 1112 101 Sa toiſon crepillonne, & ſemble du coton,

1260 1075 1073 102 Ell'à le poil folet à l’entour du menton:

1260 1158 1348 109 La Mere en auoit deux: i’ay donné la plus grande:

1260 1239 1234 99 Mais cet autre s’enfuit, & ie vous la demande:

1260 1325 1218 106 A qui me la rendra ie luy donne en pur don,

1260 1408 1172 101 Un Curedent d’iuoire, auec vn beau cordon

1262 1491 1362 109 Pour mettre à ſon chapeau, en couleurs il reſſemble

1265 1571 1190 110 Le Damas, le Soucy & le Lys tout enſemble.

1782 1652 277 101 VIOL.

1335 1756 1208 91 Bergere voyez vous ce que vous cherchez tant?

1260 1821 1361 112 Uoſtre Agnelle s'en vient folastrement ſautant,

1275 1907 624 91 Tenez, ie vous la rends.

1782 1987 289 94 ROSE.

1333 2089 613 72 Prenez la recompance

1270 2161 1211 102 Que ie doy vous donner pour vostre diligence:

1268 2252 527 96 Receuez ce preſent.

1798 2326 253 98 VIOL.

1351 2411 522 106 Bergere ie ne puis:

1255 2489 1133 114 Mai la belle Pucelle, à qui humble ie ſuis,

1257 2582 1286 115 Le prendra bien pour moy, s’il luy est agreable,

1257 2665 1372 110 Au moins ce Curedẽt qui est d’œuure admirable.

1260 2754 1146 109 L'Agathe de Pyrrus repreſantant ſi bien

1260 2837 1177 106 Les neuf ſçauantes ſeurs & le Dieu Delien,

1262 2928 1139 106 Ne le ſurpaſſoit point. ô le gentil ouurage!

1262 3008 1167 107 Mais voyez d’vn costé en ce plaiſant nuage

1255 3089 1187 112 La fille de Thaumant, éclatant ſes couleurs,
