3456 4677
1026 893 790 78 DE M. DES ROCHES.

2102 906 96 68 28

683 1005 1177 104 Teſmoignage certain que les celesles pleurs

686 1091 1161 91 Ne couuriront iamais la face de la Terre,

686 1179 1473 104 Comme au tans que les Eaux luy firent tant de guerre:

680 1244 1099 112 Uoiez du Ciel amy les ſignes plus benins.

680 1332 1266 104 Uoiez d’autre costé tant de troupeaux marins,

683 1410 1083 112 Et Prothé leur paſteur: ſa houlete dorée,

678 1499 1101 109 Paroist de bonne grace en la mer azurée.

678 1577 1107 119 Uraiment ce Curedent de ſi riche façon,

678 1662 1237 123 Uaut l'agnelle cent fois, dont il paie rançon.

683 1740 1224 130 O qu'en vn petit lieu la beauté ſe voit grande!

1256 1831 230 106 ROSE.

719 1912 1237 122 Tel qu'il est Uiolier, celle qui vous commande,

673 2003 524 88 Le receura de moy.

1256 2085 265 101 VIOL.

711 2164 718 104 Allons donc la chercher:

670 2250 1281 106 Ell'est fort loing d’ici, commençons à marcher

1240 2338 269 97 FLEV.

722 2429 1302 112 Quoy vous retournez donc au lieu de vostre priſe?

1267 2513 211 102 VIOL.

717 2600 1237 120 Pour en estre elongné ie ne ſuis en franchiſe,

665 2691 1263 117 Außi ne veus ie point m'afranchir du pouuoir

670 2777 1091 107 De celle qui me tient en mon iuste deuoir.

1259 2856 231 106 ROSE.

727 2946 1263 112 Pendant que nous ferons vn ſi plaiſant voiage,

657 3027 1315 122 Le Loup ſertant du bois prendra ſon aduantage:

652 3115 1429 125 Mais laiſſons nos troupeaux à Saugin pour garder,
