3456 4677
1618 886 863 70 NOVVELLES OEVVRES

1294 992 1216 104 Il voudra bien touiours ſoigneux y regarder.

1809 1071 273 94 VIOL.

1338 1161 1153 104 Ie le veux allons toſt, ſus gentilles Bergeres

1286 1247 1361 101 Monſtrez vous en marchant diſpoſtement legeres.

1806 1321 351 93 PENSE.

1343 1429 1042 85 Roſeline ie veux accompagner vos pas,

1286 1501 1203 83 Ie reuere Amaranthe, & ne la connois pas,

1283 1579 1143 86 Mais de ſon Uiolier l’amour ſi vehemente

1281 1665 1304 99 Me fait auoir en pris les graces d’Amaranthe.

1864 1738 265 97 VIOL.

1330 1829 1125 101 Pouuez-vous bien iuger par mes affections

1286 1917 1309 99 La grandeur d’Amaranthe, & ſes perfections?

1872 1991 300 94 PENSE.

1343 2078 1294 102 Comme le Paintre expert bien ſouuent fauoriſe

1283 2167 1289 103 Celuy qui n'est pourueu de beauté tant exquiſe,

1278 2250 1185 98 Et pour le faire voir de grace en vn tableau

1273 2328 1364 106 Luy racouſtre les traits, luy fait le teint plus beau:

1273 2416 1367 109 Ainſi l'Amour flateur ſouuent imprime en l’ame

1273 2507 1231 101 Auec trop de faueur les beautez d’vne Dame.

1273 2598 1146 99 Et peut-estre qu’ainſi vous estes peu reglé

1275 2678 1196 102 Par vostre iugement de l'Amour aueuglé.

1845 2763 265 89 VIOL.

1299 2847 1338 104 Le Paintre plus exquis n’a iamais ſçeu atteindre

1270 2938 1266 94 La beauté que Nature a mémes voulu peindre,

1265 3016 1237 96 Au Prince Demetrie: außi l’amoureux trait

1270 3105 1073 111 Ne peut fauoriſer le gracieux pourtrait

2523 3193 88 80 De
