3456 4677
1047 886 784 64 DE M. DES ROCHES.

2099 893 86 76 29

696 987 1299 114 De la belle Amaranthe, il n’en eſt point de telle.

1263 1071 297 102 PENSE.

745 1158 1211 115 Ie ne m'estonne point ſi vous ſoufrez pour elle.

693 1244 1331 107 Mais comment eſtes vous ſi long tans ſans la voir?

1427 1329 277 101 VIOL.

750 1405 1245 112 Cete abſence ma fait pluſieurs biens receuoir,

693 1499 1297 93 Premierement ie rends preuue de ma constance,

693 1577 1133 106 Ie nourris mon deſir d’vne douce esperance,

696 1655 1517 117 I'ẽtretiens ma Maistreſſe auec maintz beaux diſcours,

693 1746 1141 98 Et n'oſe la voyant parler de mes Amours.

696 1831 1252 104 Ie crains estant preſent que mon Ame rauie

693 1909 1250 112 Pour loger dans ſes yeux deſrobe außi ma vie:

691 1990 1109 117 Loing ie ſuis aſſuré, la guerre de mes ſens

696 2073 1234 125 N'eſt pas ſi forte en moy, que le bien que ie ſens.

1228 2159 351 101 PENSE.

753 2247 1463 99 Pourquoy cherchez vous donc l’obiet d'vn tel martire:

1220 2322 270 106 VIOL.

753 2411 1372 109 Mon œil craĩt de la voir, mais mon cueur la deſire.

1228 2506 355 97 PENSE.

743 2582 1325 125 Uous n’auez plus de cueur, il est dedans ſon ſein.

1240 2677 265 94 VIOL.

732 2756 1261 120 Le cors ſi loing du cueur ne peut pas eſtre ſain:

680 2839 1253 120 Comme le Gouuerneur qui commande vne ville

680 2925 1115 112 Uoiant que l’'on eſmeut vne guerre ciuille

686 3006 1039 119 Se monstre vigilant à reprimer l’effort

683 3094 1159 127 De cetuy-la qui veut paroistre le plus fort:

1981 3207 43 98 H
