<?xml version="1.0" encoding="UTF-8"?>
<alto xmlns:xsi="http://www.w3.org/2001/XMLSchema-instance"
      xmlns="http://www.loc.gov/standards/alto/ns-v4#"
      xsi:schemaLocation="http://www.loc.gov/standards/alto/ns-v4# http://www.loc.gov/standards/alto/v4/alto-4-2.xsd">
  <Description>
    <MeasurementUnit>pixel</MeasurementUnit>
    <sourceImageInformation>
      <fileName>61.jpg</fileName>
      
    </sourceImageInformation>
  </Description>
  
  <Tags>
    <OtherTag ID="BT4951" LABEL="CustomZone" DESCRIPTION="block type CustomZone"/><OtherTag ID="BT4952" LABEL="DamageZone" DESCRIPTION="block type DamageZone"/><OtherTag ID="BT4953" LABEL="GraphicZone" DESCRIPTION="block type GraphicZone"/><OtherTag ID="BT4954" LABEL="DigitizationArtefactZone" DESCRIPTION="block type DigitizationArtefactZone"/><OtherTag ID="BT4955" LABEL="DropCapitalZone" DESCRIPTION="block type DropCapitalZone"/><OtherTag ID="BT4956" LABEL="MainZone" DESCRIPTION="block type MainZone"/><OtherTag ID="BT4957" LABEL="MarginTextZone" DESCRIPTION="block type MarginTextZone"/><OtherTag ID="BT4958" LABEL="MusicZone" DESCRIPTION="block type MusicZone"/><OtherTag ID="BT4959" LABEL="NumberingZone" DESCRIPTION="block type NumberingZone"/><OtherTag ID="BT4960" LABEL="QuireMarksZone" DESCRIPTION="block type QuireMarksZone"/><OtherTag ID="BT4961" LABEL="RunningTitleZone" DESCRIPTION="block type RunningTitleZone"/><OtherTag ID="BT4962" LABEL="SealZone" DESCRIPTION="block type SealZone"/><OtherTag ID="BT4963" LABEL="StampZone" DESCRIPTION="block type StampZone"/><OtherTag ID="BT4964" LABEL="TableZone" DESCRIPTION="block type TableZone"/><OtherTag ID="BT4965" LABEL="TitlePageZone" DESCRIPTION="block type TitlePageZone"/>
    <OtherTag ID="LT1583" LABEL="MusicLine" DESCRIPTION="line type MusicLine"/><OtherTag ID="LT1582" LABEL="InterlinearLine" DESCRIPTION="line type InterlinearLine"/><OtherTag ID="LT1581" LABEL="HeadingLine" DESCRIPTION="line type HeadingLine"/><OtherTag ID="LT1580" LABEL="DropCapitalLine" DESCRIPTION="line type DropCapitalLine"/><OtherTag ID="LT1579" LABEL="DefaultLine" DESCRIPTION="line type DefaultLine"/><OtherTag ID="LT1578" LABEL="CustomLine" DESCRIPTION="line type CustomLine"/>
  </Tags>
  
  <Layout>
    <Page WIDTH="3456"
          HEIGHT="4677"
          PHYSICAL_IMG_NR="60"
          ID="eSc_dummypage_">
      <PrintSpace HPOS="0"
                  VPOS="0"
                  WIDTH="3456"
                  HEIGHT="4677">
        
        <TextBlock HPOS="1560"
                   VPOS="884"
                   WIDTH="924"
                   HEIGHT="70"
                   ID="block_1"
                   TAGREFS="BT4961">
          <Shape><Polygon POINTS="2484 884 2484 954 1560 954 1560 884"/></Shape>
          
          
          <TextLine ID="line_0"
                    TAGREFS="LT1581"
                    BASELINE="1595 912 2442 922" 
                    HPOS="1592"
                    VPOS="886"
                    WIDTH="850"
                    HEIGHT="67">
            <Shape><Polygon POINTS="2401 886 2375 886 2349 886 2323 886 2297 886 2271 886 2245 886 2219 886 2193 886 2167 886 2141 886 2115 886 2089 886 2063 886 2037 886 2011 886 1985 886 1959 886 1933 886 1907 886 1881 886 1855 886 1829 886 1803 886 1777 886 1751 886 1725 886 1699 886 1673 886 1647 886 1621 886 1595 886 1595 912 1592 935 2019 950 2021 950 2024 950 2050 937 2052 937 2063 937 2177 950 2180 950 2182 950 2185 950 2200 937 2206 937 2263 953 2265 953 2268 953 2271 953 2273 953 2291 940 2304 953 2307 953 2310 953 2312 953 2439 937 2442 922 2439 886 2426 886"/></Shape>
	    <String CONTENT="NOVVELLES OEVVRES"
                    HPOS="1592"
                    VPOS="886"
                    WIDTH="850"
                    HEIGHT="67"></String>
          </TextLine>

          
        </TextBlock>
        
        <TextBlock HPOS="1115"
                   VPOS="980"
                   WIDTH="1495"
                   HEIGHT="2221"
                   ID="block_0"
                   TAGREFS="BT4956">
          <Shape><Polygon POINTS="2610 1005 2598 3201 1115 3189 1119 980"/></Shape>
          
          
          <TextLine ID="line_1"
                    TAGREFS="LT1579"
                    BASELINE="1221 1041 2403 1054" 
                    HPOS="1218"
                    VPOS="979"
                    WIDTH="1185"
                    HEIGHT="112">
            <Shape><Polygon POINTS="1221 1041 1218 1060 1429 1065 1452 1083 1455 1083 1457 1083 1460 1083 1699 1070 1753 1086 1756 1086 1759 1086 2190 1075 2351 1091 2354 1091 2356 1091 2401 1073 2403 1054 2398 992 2281 1008 2229 989 2224 989 2221 989 2219 989 2216 989 2213 989 2185 1008 2146 989 2135 987 2133 987 2130 987 2112 989 2050 1005 1818 992 1816 992 1753 1002 1717 989 1696 982 1694 982 1691 982 1689 982 1686 982 1676 989 1655 1002 1556 1002 1538 989 1527 982 1525 982 1522 982 1520 982 1486 989 1462 995 1457 989 1452 982 1449 982 1449 979 1447 979 1444 979 1442 979 1439 979 1408 989 1379 997 1325 989 1265 979 1262 979 1221 987 1221 1041"/></Shape>
	    <String CONTENT="Tout ainſi quand ie ſens ma paßion diuerſe"
                    HPOS="1218"
                    VPOS="979"
                    WIDTH="1185"
                    HEIGHT="112"></String>
          </TextLine>

          
          
          <TextLine ID="line_2"
                    TAGREFS="LT1579"
                    BASELINE="1210 1119 2468 1135" 
                    HPOS="1208"
                    VPOS="1065"
                    WIDTH="1260"
                    HEIGHT="93">
            <Shape><Polygon POINTS="1210 1119 1208 1140 1395 1143 1418 1158 1421 1158 1423 1158 1426 1158 2465 1156 2468 1135 2468 1091 2414 1078 2411 1078 2408 1078 2367 1088 2346 1093 2216 1093 2203 1088 2164 1075 2161 1075 2159 1075 2102 1086 2078 1091 2050 1086 1972 1073 1969 1073 1967 1073 1964 1073 1951 1086 1948 1088 1941 1086 1909 1073 1907 1073 1904 1073 1902 1073 1857 1086 1839 1088 1816 1083 1738 1070 1735 1070 1733 1070 1699 1083 1691 1086 1525 1086 1522 1083 1509 1070 1509 1067 1507 1067 1504 1067 1501 1067 1426 1080 1416 1067 1413 1067 1413 1065 1410 1065 1408 1065 1405 1065 1210 1078 1210 1119"/></Shape>
	    <String CONTENT="Maistriſer mon deuoir, ſoudain ie la renuerſe:"
                    HPOS="1208"
                    VPOS="1065"
                    WIDTH="1260"
                    HEIGHT="93"
                    WC="0.996133415595345"></String>
          </TextLine>

          
          
          <TextLine ID="line_3"
                    TAGREFS="LT1579"
                    BASELINE="1210 1205 2439 1223" 
                    HPOS="1208"
                    VPOS="1148"
                    WIDTH="1231"
                    HEIGHT="101">
            <Shape><Polygon POINTS="1210 1205 1208 1226 1431 1244 2434 1249 2439 1223 2439 1182 2408 1164 2406 1164 2403 1164 2312 1164 2310 1164 2307 1164 2304 1164 2304 1166 2286 1182 2096 1182 2086 1179 1912 1156 1909 1156 1800 1174 1798 1174 1390 1171 1387 1169 1369 1151 1369 1148 1366 1148 1364 1148 1361 1148 1359 1148 1317 1166 1262 1148 1260 1148 1257 1148 1255 1148 1210 1164 1210 1205"/></Shape>
	    <String CONTENT="Mais i’ay tant commandé à mon propre deſir,"
                    HPOS="1208"
                    VPOS="1148"
                    WIDTH="1231"
                    HEIGHT="101"
                    WC="0.984747401873271"></String>
          </TextLine>

          
          
          <TextLine ID="line_4"
                    TAGREFS="LT1579"
                    BASELINE="1236 1291 2569 1304" 
                    HPOS="1234"
                    VPOS="1231"
                    WIDTH="1335"
                    HEIGHT="112">
            <Shape><Polygon POINTS="1236 1291 1234 1319 1327 1332 1330 1332 1426 1322 1475 1317 1514 1322 1598 1335 1600 1335 1657 1322 1681 1319 1748 1325 1873 1332 1876 1332 2115 1325 2187 1325 2190 1327 2203 1338 2203 1340 2206 1340 2208 1340 2211 1340 2213 1340 2216 1340 2232 1330 2349 1343 2351 1343 2567 1327 2569 1304 2569 1260 2533 1242 2530 1242 2414 1242 2411 1242 2341 1257 2304 1239 2302 1239 2299 1239 2297 1239 2294 1239 2278 1252 2260 1239 2258 1239 2255 1239 2252 1239 2250 1239 2206 1254 2130 1239 2128 1239 2125 1239 2086 1254 1782 1254 1779 1252 1751 1234 1748 1234 1746 1234 1743 1234 1652 1249 1481 1249 1444 1231 1442 1231 1439 1231 1436 1231 1434 1231 1418 1244 1257 1231 1255 1231 1252 1231 1249 1231 1236 1239 1236 1291"/></Shape>
	    <String CONTENT="Qu&#x27;il est tans qu’il retourne au lieu de ſon plaiſir."
                    HPOS="1234"
                    VPOS="1231"
                    WIDTH="1335"
                    HEIGHT="112"
                    WC="0.974326429502019"></String>
          </TextLine>

          
          
          <TextLine ID="line_5"
                    TAGREFS="LT1579"
                    BASELINE="1286 1462 2465 1475" 
                    HPOS="1283"
                    VPOS="1397"
                    WIDTH="1182"
                    HEIGHT="110">
            <Shape><Polygon POINTS="1286 1462 1283 1478 1377 1496 1379 1496 1491 1483 1902 1501 1904 1501 1907 1501 1959 1488 2229 1507 2232 1507 2463 1491 2465 1475 2465 1429 2380 1408 2377 1408 2198 1423 2180 1408 2180 1405 2177 1405 2174 1405 2073 1405 2071 1405 2068 1405 2065 1405 2039 1423 2037 1423 1857 1423 1857 1421 1837 1405 1837 1403 1834 1403 1831 1403 1829 1403 1826 1403 1782 1421 1779 1421 1603 1421 1600 1418 1525 1397 1522 1397 1520 1397 1364 1416 1361 1416 1322 1397 1320 1397 1317 1397 1314 1397 1286 1410 1286 1462"/></Shape>
	    <String CONTENT="Ie voy l’heureux païs, que ma belle guerriere"
                    HPOS="1283"
                    VPOS="1397"
                    WIDTH="1182"
                    HEIGHT="110"
                    WC="0.994858599227408"></String>
          </TextLine>

          
          
          <TextLine ID="line_6"
                    TAGREFS="LT1579"
                    BASELINE="1221 1546 2229 1556" 
                    HPOS="1218"
                    VPOS="1481"
                    WIDTH="1011"
                    HEIGHT="106">
            <Shape><Polygon POINTS="1221 1546 1218 1561 1307 1577 1309 1577 1397 1566 1470 1584 1473 1584 1475 1584 1478 1584 1535 1569 1587 1584 1590 1584 1592 1584 1709 1569 1766 1587 1769 1587 1772 1587 1852 1571 2224 1571 2229 1556 2226 1509 2148 1509 2148 1507 2130 1491 2130 1488 2128 1488 2125 1488 2122 1488 2120 1488 2117 1488 2089 1507 2024 1488 2021 1488 2019 1488 2016 1488 1974 1507 1925 1507 1857 1507 1857 1504 1839 1488 1839 1486 1837 1486 1834 1486 1831 1486 1829 1486 1790 1504 1753 1486 1751 1486 1748 1486 1746 1486 1743 1486 1722 1504 1676 1483 1673 1483 1670 1483 1668 1483 1618 1501 1598 1483 1595 1483 1592 1483 1590 1483 1496 1501 1491 1501 1426 1501 1397 1501 1379 1483 1379 1481 1377 1481 1374 1481 1372 1481 1369 1481 1317 1499 1299 1483 1299 1481 1296 1481 1294 1481 1249 1481 1247 1481 1244 1481 1242 1481 1221 1491 1221 1546"/></Shape>
	    <String CONTENT="Ilustre par le feu de ſa viue lumiere."
                    HPOS="1218"
                    VPOS="1481"
                    WIDTH="1011"
                    HEIGHT="106"
                    WC="0.979905611590335"></String>
          </TextLine>

          
          
          <TextLine ID="line_7"
                    TAGREFS="LT1579"
                    BASELINE="1221 1626 2341 1634" 
                    HPOS="1218"
                    VPOS="1566"
                    WIDTH="1123"
                    HEIGHT="99">
            <Shape><Polygon POINTS="1221 1626 1218 1647 1260 1662 1262 1662 1265 1662 1408 1649 1689 1665 1691 1665 1803 1652 1873 1665 1876 1665 2338 1652 2341 1634 2338 1590 2234 1571 2232 1571 2229 1571 2226 1571 2211 1587 2169 1571 2167 1571 2164 1571 2161 1571 2159 1571 2159 1574 2143 1587 2143 1590 2019 1590 2013 1587 1956 1569 1954 1569 1891 1569 1889 1569 1886 1569 1883 1569 1883 1571 1870 1582 1852 1569 1850 1569 1847 1569 1844 1569 1842 1569 1800 1584 1800 1587 1720 1587 1720 1584 1699 1569 1696 1569 1694 1569 1691 1569 1689 1569 1686 1569 1663 1584 1660 1584 1527 1584 1462 1584 1447 1569 1447 1566 1444 1566 1442 1566 1439 1566 1294 1582 1291 1582 1247 1566 1244 1566 1242 1566 1239 1566 1236 1566 1221 1577 1221 1626"/></Shape>
	    <String CONTENT="O païs bien-aimé, que le Ciel vous est dous"
                    HPOS="1218"
                    VPOS="1566"
                    WIDTH="1123"
                    HEIGHT="99"
                    WC="0.961256390147739"></String>
          </TextLine>

          
          
          <TextLine ID="line_8"
                    TAGREFS="LT1579"
                    BASELINE="1221 1712 2434 1720" 
                    HPOS="1218"
                    VPOS="1647"
                    WIDTH="1216"
                    HEIGHT="140">
            <Shape><Polygon POINTS="1221 1712 1218 1733 1603 1740 1629 1766 1629 1769 1631 1769 1634 1769 1637 1769 1639 1769 1642 1769 1681 1743 1720 1748 1753 1782 1753 1785 1756 1785 1759 1785 1761 1787 1954 1787 1954 1785 1956 1785 1959 1785 2026 1743 2143 1759 2146 1759 2148 1759 2190 1738 2206 1753 2208 1753 2211 1753 2213 1753 2276 1740 2325 1753 2328 1753 2330 1753 2414 1751 2416 1751 2419 1751 2419 1748 2432 1733 2434 1720 2434 1662 2408 1652 2406 1652 2403 1652 2401 1652 2398 1652 2398 1655 2388 1665 2377 1675 2224 1675 2208 1662 2195 1652 2193 1652 2190 1652 2187 1652 2185 1652 2164 1662 2141 1673 2115 1660 2096 1652 2094 1652 2091 1652 2089 1652 2065 1660 2032 1673 1995 1660 1967 1649 1964 1649 1863 1649 1860 1649 1857 1649 1855 1649 1855 1652 1847 1657 1839 1668 1715 1670 1683 1657 1668 1649 1665 1649 1663 1649 1660 1649 1657 1649 1657 1652 1652 1655 1639 1670 1564 1670 1512 1655 1486 1647 1483 1647 1481 1647 1478 1647 1475 1647 1475 1649 1470 1655 1455 1668 1416 1652 1395 1647 1392 1647 1390 1647 1387 1647 1384 1647 1384 1649 1379 1652 1364 1670 1291 1670 1273 1652 1270 1649 1270 1647 1268 1647 1265 1647 1262 1647 1221 1649 1221 1712"/></Shape>
	    <String CONTENT="Peur la diuine fleur, qu&#x27;il à produit&#x27; en vous!"
                    HPOS="1218"
                    VPOS="1647"
                    WIDTH="1216"
                    HEIGHT="140"></String>
          </TextLine>

          
          
          <TextLine ID="eSc_line_22b33ddc"
                    TAGREFS="LT1581"
                    BASELINE="1800 1812 2086 1812" 
                    HPOS="1798"
                    VPOS="1753"
                    WIDTH="284"
                    HEIGHT="74">
            <Shape><Polygon POINTS="1798 1827 2082 1824 2082 1808 2082 1757 1798 1753 1798 1808"/></Shape>
	    <String CONTENT="ROSE."
                    HPOS="1798"
                    VPOS="1753"
                    WIDTH="284"
                    HEIGHT="74"
                    WC="0.999606800079346"></String>
          </TextLine>

          
          
          <TextLine ID="line_9"
                    TAGREFS="LT1579"
                    BASELINE="1283 1878 1922 1883" 
                    HPOS="1281"
                    VPOS="1813"
                    WIDTH="641"
                    HEIGHT="99">
            <Shape><Polygon POINTS="1283 1878 1281 1896 1382 1912 1384 1912 1920 1909 1922 1883 1922 1831 1909 1818 1909 1816 1907 1816 1904 1816 1902 1816 1899 1816 1855 1834 1850 1834 1847 1834 1790 1816 1787 1816 1785 1816 1782 1816 1779 1816 1779 1818 1764 1834 1761 1837 1715 1837 1709 1834 1663 1816 1660 1816 1657 1816 1655 1816 1652 1816 1652 1818 1634 1834 1631 1834 1507 1834 1481 1834 1431 1813 1429 1813 1426 1813 1423 1813 1421 1813 1421 1816 1403 1834 1361 1834 1304 1813 1301 1813 1299 1813 1296 1813 1294 1813 1294 1816 1283 1826 1283 1878"/></Shape>
	    <String CONTENT="Penſee mon cher ſouci,"
                    HPOS="1281"
                    VPOS="1813"
                    WIDTH="641"
                    HEIGHT="99"
                    WC="0.992880810390819"></String>
          </TextLine>

          
          
          <TextLine ID="line_10"
                    TAGREFS="LT1579"
                    BASELINE="1231 1972 2063 1964" 
                    HPOS="1229"
                    VPOS="1899"
                    WIDTH="834"
                    HEIGHT="106">
            <Shape><Polygon POINTS="1231 1972 1234 2005 1278 1990 1335 2003 1340 2003 1343 2003 1359 2003 1507 1987 1533 1998 1540 2000 1543 2000 1546 2000 1548 2000 1564 1998 1598 1987 1759 1990 2032 1998 2034 1998 2037 1998 2039 1998 2063 1982 2063 1964 2060 1917 2000 1899 1998 1899 1995 1899 1993 1899 1990 1899 1967 1917 1964 1920 1800 1920 1798 1917 1785 1904 1785 1901 1782 1901 1779 1901 1777 1901 1774 1901 1748 1917 1740 1920 1733 1917 1702 1901 1699 1901 1696 1901 1694 1901 1647 1917 1642 1920 1486 1920 1483 1917 1473 1907 1473 1904 1470 1904 1468 1904 1465 1904 1462 1904 1434 1917 1416 1925 1312 1925 1304 1917 1291 1907 1291 1904 1288 1904 1286 1904 1283 1904 1229 1914 1231 1972"/></Shape>
	    <String CONTENT="Ce pendant que l’Amaranthe"
                    HPOS="1229"
                    VPOS="1899"
                    WIDTH="834"
                    HEIGHT="106"></String>
          </TextLine>

          
          
          <TextLine ID="line_11"
                    TAGREFS="LT1579"
                    BASELINE="1218 2047 1857 2047" 
                    HPOS="1218"
                    VPOS="1982"
                    WIDTH="639"
                    HEIGHT="86">
            <Shape><Polygon POINTS="1218 2047 1218 2068 1857 2068 1857 2047 1852 1982 1811 2000 1655 2000 1639 1985 1639 1982 1637 1982 1634 1982 1631 1982 1624 1982 1548 1995 1486 1982 1478 1982 1475 1982 1473 1982 1470 1982 1444 1998 1416 1982 1413 1982 1410 1982 1408 1982 1405 1982 1403 1982 1369 1998 1218 1985 1218 2047"/></Shape>
	    <String CONTENT="Tiendra Uiolier tranſi"
                    HPOS="1218"
                    VPOS="1982"
                    WIDTH="639"
                    HEIGHT="86"></String>
          </TextLine>

          
          
          <TextLine ID="line_12"
                    TAGREFS="LT1579"
                    BASELINE="1213 2128 2019 2135" 
                    HPOS="1210"
                    VPOS="2065"
                    WIDTH="809"
                    HEIGHT="104">
            <Shape><Polygon POINTS="1213 2128 1210 2156 1213 2159 1216 2159 1216 2161 1218 2161 1221 2161 1223 2161 1325 2151 1374 2167 1377 2167 1379 2167 1462 2156 1475 2167 1475 2169 1478 2169 1481 2169 1483 2169 1561 2156 1577 2169 1579 2169 1582 2169 1585 2169 1678 2154 2013 2154 2019 2135 2016 2094 1886 2089 1870 2073 1870 2070 1868 2070 1865 2070 1863 2070 1772 2083 1751 2068 1748 2068 1746 2068 1743 2068 1582 2086 1533 2068 1530 2068 1527 2068 1525 2068 1522 2068 1499 2086 1299 2086 1244 2065 1242 2065 1239 2065 1236 2065 1234 2065 1213 2078 1213 2128"/></Shape>
	    <String CONTENT="En vn penſer qui l’enchante."
                    HPOS="1210"
                    VPOS="2065"
                    WIDTH="809"
                    HEIGHT="104"
                    WC="0.98397034406662"></String>
          </TextLine>

          
          
          <TextLine ID="line_13"
                    TAGREFS="LT1579"
                    BASELINE="1288 2302 1943 2296" 
                    HPOS="1286"
                    VPOS="2226"
                    WIDTH="657"
                    HEIGHT="102">
            <Shape><Polygon POINTS="1288 2302 1288 2328 1943 2317 1943 2296 1941 2250 1917 2229 1917 2226 1915 2226 1912 2226 1909 2226 1907 2226 1904 2226 1876 2247 1743 2226 1740 2226 1738 2226 1735 2226 1704 2247 1676 2226 1673 2226 1670 2226 1668 2226 1665 2226 1663 2226 1663 2229 1644 2244 1618 2226 1616 2226 1613 2226 1611 2226 1608 2226 1605 2226 1572 2252 1421 2252 1384 2229 1382 2229 1379 2229 1322 2229 1320 2229 1317 2229 1314 2229 1286 2247 1288 2302"/></Shape>
	    <String CONTENT="Chantons de la liberté,"
                    HPOS="1286"
                    VPOS="2226"
                    WIDTH="657"
                    HEIGHT="102"
                    WC="0.968832304080327"></String>
          </TextLine>

          
          
          <TextLine ID="line_14"
                    TAGREFS="LT1579"
                    BASELINE="1208 2377 1912 2382" 
                    HPOS="1205"
                    VPOS="2312"
                    WIDTH="707"
                    HEIGHT="88">
            <Shape><Polygon POINTS="1208 2377 1205 2395 1907 2400 1912 2382 1909 2338 1777 2335 1759 2317 1759 2315 1756 2315 1753 2315 1751 2315 1748 2315 1699 2333 1660 2315 1657 2315 1655 2315 1520 2330 1494 2312 1491 2312 1488 2312 1426 2312 1423 2312 1421 2312 1418 2312 1418 2315 1403 2328 1377 2312 1374 2312 1372 2312 1369 2312 1366 2312 1364 2312 1335 2330 1249 2315 1247 2315 1244 2315 1208 2330 1208 2377"/></Shape>
	    <String CONTENT="Car la liberté des Dames"
                    HPOS="1205"
                    VPOS="2312"
                    WIDTH="707"
                    HEIGHT="88"
                    WC="0.974575049877167"></String>
          </TextLine>

          
          
          <TextLine ID="line_15"
                    TAGREFS="LT1579"
                    BASELINE="1226 2478 1865 2473" 
                    HPOS="1223"
                    VPOS="2398"
                    WIDTH="642"
                    HEIGHT="111">
            <Shape><Polygon POINTS="1226 2478 1229 2509 1278 2494 1410 2507 1423 2507 1426 2507 1442 2507 1553 2491 1860 2496 1865 2473 1852 2400 1826 2419 1774 2419 1756 2406 1748 2398 1746 2398 1743 2398 1740 2398 1738 2398 1715 2406 1689 2416 1670 2408 1647 2398 1644 2398 1642 2398 1639 2398 1637 2398 1624 2411 1616 2416 1608 2411 1590 2398 1587 2398 1585 2398 1582 2398 1579 2398 1540 2413 1527 2419 1520 2413 1494 2400 1491 2400 1488 2400 1486 2400 1483 2400 1483 2403 1468 2416 1465 2421 1426 2421 1423 2419 1408 2403 1408 2400 1405 2400 1403 2400 1340 2400 1338 2400 1335 2400 1333 2400 1333 2403 1317 2416 1301 2403 1301 2400 1299 2400 1296 2400 1242 2400 1239 2400 1236 2400 1234 2400 1234 2403 1231 2403 1223 2411 1226 2478"/></Shape>
	    <String CONTENT="C&#x27;est la plus belle clarté"
                    HPOS="1223"
                    VPOS="2398"
                    WIDTH="642"
                    HEIGHT="111"
                    WC="0.978869038599509"></String>
          </TextLine>

          
          
          <TextLine ID="line_16"
                    TAGREFS="LT1579"
                    BASELINE="1223 2564 2096 2559" 
                    HPOS="1221"
                    VPOS="2491"
                    WIDTH="875"
                    HEIGHT="115">
            <Shape><Polygon POINTS="1223 2564 1223 2582 1262 2603 1265 2603 1268 2606 1377 2606 1377 2603 1379 2603 1382 2603 1382 2600 1397 2587 1468 2603 1470 2603 1473 2603 1509 2585 1579 2603 1582 2603 1585 2603 1587 2603 1663 2580 2096 2577 2096 2559 2091 2515 1995 2509 1980 2494 1980 2491 1977 2491 1974 2491 1972 2491 1969 2491 1925 2512 1748 2491 1746 2491 1743 2491 1740 2491 1740 2494 1720 2515 1652 2517 1579 2517 1553 2494 1551 2494 1548 2494 1462 2494 1460 2494 1457 2494 1455 2494 1455 2496 1431 2515 1255 2494 1252 2494 1249 2494 1247 2494 1221 2512 1223 2564"/></Shape>
	    <String CONTENT="Qui puiſſe luyre en leurs Ames."
                    HPOS="1221"
                    VPOS="2491"
                    WIDTH="875"
                    HEIGHT="115"
                    WC="0.988422989845276"></String>
          </TextLine>

          
          
          <TextLine ID="eSc_line_caf45e7b"
                    TAGREFS="LT1581"
                    BASELINE="1738 2658 2086 2661" 
                    HPOS="1731"
                    VPOS="2576"
                    WIDTH="351"
                    HEIGHT="93">
            <Shape><Polygon POINTS="1731 2669 2079 2665 2082 2658 2079 2595 1735 2576 1735 2654"/></Shape>
	    <String CONTENT="PENSE."
                    HPOS="1731"
                    VPOS="2576"
                    WIDTH="351"
                    HEIGHT="93"
                    WC="0.99912025531133"></String>
          </TextLine>

          
          
          <TextLine ID="line_17"
                    TAGREFS="LT1579"
                    BASELINE="1270 2733 1759 2733" 
                    HPOS="1270"
                    VPOS="2663"
                    WIDTH="489"
                    HEIGHT="109">
            <Shape><Polygon POINTS="1270 2733 1270 2751 1338 2772 1340 2772 1343 2772 1426 2756 1670 2772 1673 2772 1676 2772 1678 2772 1702 2754 1759 2754 1759 2733 1759 2678 1738 2665 1735 2665 1733 2665 1730 2665 1728 2665 1725 2665 1704 2681 1655 2663 1652 2663 1650 2663 1647 2663 1644 2663 1644 2665 1626 2684 1572 2684 1530 2663 1527 2663 1525 2663 1522 2663 1475 2681 1460 2665 1460 2663 1457 2663 1455 2663 1390 2663 1387 2663 1384 2663 1382 2663 1382 2665 1364 2681 1317 2665 1314 2665 1312 2665 1309 2665 1270 2681 1270 2733"/></Shape>
	    <String CONTENT="Roſeline les eſpris"
                    HPOS="1270"
                    VPOS="2663"
                    WIDTH="489"
                    HEIGHT="109"></String>
          </TextLine>

          
          
          <TextLine ID="line_18"
                    TAGREFS="LT1579"
                    BASELINE="1216 2819 2047 2813" 
                    HPOS="1213"
                    VPOS="2754"
                    WIDTH="834"
                    HEIGHT="85">
            <Shape><Polygon POINTS="1216 2819 1216 2839 2045 2834 2047 2813 2039 2769 1959 2769 1954 2767 1938 2754 1935 2754 1933 2754 1930 2754 1928 2754 1883 2767 1876 2769 1868 2767 1818 2754 1816 2754 1813 2754 1811 2754 1761 2767 1751 2769 1213 2767 1216 2819"/></Shape>
	    <String CONTENT="Ne ſe treuuent tous de mémes,"
                    HPOS="1213"
                    VPOS="2754"
                    WIDTH="834"
                    HEIGHT="85"
                    WC="0.99201887845993"></String>
          </TextLine>

          
          
          <TextLine ID="line_19"
                    TAGREFS="LT1579"
                    BASELINE="1210 2902 2047 2897" 
                    HPOS="1208"
                    VPOS="2832"
                    WIDTH="839"
                    HEIGHT="111">
            <Shape><Polygon POINTS="1210 2902 1210 2923 1444 2943 1447 2943 1449 2943 1452 2943 1478 2925 1574 2923 1582 2923 1634 2923 1761 2923 1779 2938 1779 2941 1782 2941 1785 2941 1787 2941 1790 2941 1831 2925 1941 2941 1943 2941 1946 2941 1948 2941 1967 2925 2024 2936 2026 2936 2029 2936 2032 2936 2047 2920 2047 2897 2045 2847 1995 2834 1993 2834 1990 2834 1987 2834 1985 2834 1985 2837 1974 2847 1972 2850 1863 2850 1863 2847 1826 2832 1824 2832 1821 2832 1818 2832 1816 2832 1798 2847 1751 2832 1748 2832 1746 2832 1743 2832 1740 2832 1740 2834 1725 2850 1678 2850 1626 2832 1624 2832 1621 2832 1525 2834 1522 2834 1520 2834 1504 2847 1488 2834 1486 2834 1483 2834 1481 2834 1478 2834 1447 2850 1397 2834 1395 2834 1392 2834 1390 2834 1387 2834 1366 2852 1299 2852 1242 2834 1239 2834 1236 2834 1234 2834 1208 2845 1210 2902"/></Shape>
	    <String CONTENT="L&#x27;vn ſe plaist bien d’eſtre pris,"
                    HPOS="1208"
                    VPOS="2832"
                    WIDTH="839"
                    HEIGHT="111"
                    WC="0.978051066398621"></String>
          </TextLine>

          
          
          <TextLine ID="line_20"
                    TAGREFS="LT1579"
                    BASELINE="1216 2988 2058 2982" 
                    HPOS="1213"
                    VPOS="2920"
                    WIDTH="845"
                    HEIGHT="99">
            <Shape><Polygon POINTS="1216 2988 1216 3011 1813 3019 1816 3019 2058 3003 2058 2982 2047 2920 1972 2941 1829 2941 1803 2928 1787 2920 1785 2920 1782 2920 1717 2930 1663 2938 1611 2933 1496 2923 1494 2923 1491 2923 1488 2923 1488 2925 1473 2938 1470 2941 1460 2938 1372 2923 1369 2923 1366 2923 1314 2941 1296 2925 1296 2923 1294 2923 1291 2923 1239 2923 1236 2923 1234 2923 1231 2923 1231 2925 1213 2938 1216 2988"/></Shape>
	    <String CONTENT="L’aultre de viure à ſoy mémes?"
                    HPOS="1213"
                    VPOS="2920"
                    WIDTH="845"
                    HEIGHT="99"
                    WC="0.995616057887673"></String>
          </TextLine>

          
          
          <TextLine ID="line_21"
                    TAGREFS="LT1579"
                    BASELINE="1252 3159 1915 3154" 
                    HPOS="1249"
                    VPOS="3105"
                    WIDTH="666"
                    HEIGHT="111">
            <Shape><Polygon POINTS="1587 3105 1561 3105 1548 3105 1538 3110 1434 3105 1431 3105 1405 3105 1379 3105 1353 3105 1327 3105 1301 3105 1275 3105 1262 3105 1249 3110 1252 3159 1252 3190 1468 3190 1491 3211 1491 3214 1494 3214 1496 3214 1499 3216 1582 3216 1582 3214 1847 3211 1850 3211 1852 3211 1852 3208 1863 3201 1878 3211 1881 3211 1883 3211 1886 3211 1889 3211 1891 3211 1891 3208 1915 3182 1915 3154 1909 3110 1611 3110 1600 3105 1587 3105"/></Shape>
	    <String CONTENT="Mais vne ſainte amitié"
                    HPOS="1249"
                    VPOS="3105"
                    WIDTH="666"
                    HEIGHT="111"
                    WC="0.995967802794083"></String>
          </TextLine>

          
        </TextBlock>
        

        
      </PrintSpace>
    </Page>
  </Layout>
</alto>
