3456 4677
1582 862 855 78 NOVVELLES OEVVRES

1242 974 1039 106 A M. Sans me donner tant de paine,

1247 1065 652 80 Ie porte mes Estandars

1252 1138 850 111 Soubz moy-méſmes Capitaine.

1320 1306 771 104 Tu nes qu’vn petit Enfant.

1249 1392 993 91 AM. Que vous chaut il de ma taille,

1247 1475 652 94 Si i’aporte Triomphant

1257 1556 806 88 Tout l’honneur de la bataille?

1299 1735 753 94 Ie croy que tu ne voy point.

1247 1805 907 109 AM. Ie ne bleſſe à l'impourueüe,

1247 1896 878 96 Les fleches dont l’Amour point

1257 1982 829 96 Touſiours entrent par la veüe.

1314 2143 718 101 Pourquoy es tu emplumé?

1244 2231 881 86 AM. Pour voler en toute place,

1249 2307 603 88 Et ce brandon alumé

1257 2395 715 117 Fond la pareſſeuſe glace.

1304 2574 816 99 Pourquoy donnes tu la mort?

1249 2660 772 107 AM. C eſt l’inique ialouſie,

1249 2749 759 88 Qui la traine auec ſon ſort,

1247 2832 688 88 Mais moy ie cauſe la vis.

1314 2993 1149 125 Ma Penſee, voila, ce que l’Enfant diſoit:

1260 3081 1130 122 Ie retins la Chanſon: car elle me plaiſoit.
