3456 4677
1003 878 787 85 DE M. DES ROCHES.

2082 896 86 97 31

1224 1036 355 59 PENSE.

717 1073 1031 106 Roſeline ie voy, aupres d'vne Fontaine

660 1156 1327 119 Une Nymphe qui est de beauté plus qu’humaine.

662 1249 1055 96 Elle apuie ſon bras encontre vn Oliuier,

662 1322 1247 109 Et met dedans ſon ſein des feuilles de Laurier,

662 1408 1237 112 Son ſein ou i’entrevoi deux pommetes iumelles,

660 1488 1268 112 Mes yeux n’en virent onc, ce croi-ie, de ſi belles.

680 1579 1107 109 Ce n'eſt que neige & lait: ſon viſage riant

662 1657 1146 104 Reſſemble proprement vn Soleil d’Oriant.

667 1738 1094 109 Ha! c'eſt vne Déeſſe, ô beauté nompareille,

673 1824 1270 119 Que vous rempliſſez l’oeil d'vne douce merueille.

1220 1909 289 98 ROSE.

706 1990 1032 119 Penſee vous voiez celle qui tient eſpris

667 2081 1138 114 Le gentil Uiolier, qu'en iugent vos eſpris?

1232 2155 343 113 PENSE.

717 2239 1447 133 C'est donques A maranthe ô Dieu qu'elle eſt gentille.

1220 2326 297 98 ROSE.

724 2408 1087 133 Uous ne veiſtes iamais vne plus ſage fille,

665 2504 1021 107 Sen eſprit de vertus & letres curieux

670 2587 1151 128 Surpaſſe de beaucoup la gi ace de ſes yeux.

1240 2677 347 101 PENSE.

753 2759 1180 117 Elle va prendre vn Luc, éſcoutez, ell'acorde

673 2842 1047 117 Sa gracieuſe voix, & le ſon de la corde.

1076 2934 597 106 CHANSON.

1231 3045 525 78 AMARANTHE.

753 3102 899 122 Mon Dieu ſi lAmour eſt amer,

1886 3206 146 106 H iij
