3456 4677
1579 862 980 88 NOVVELLES OEVVRES

1340 971 855 109 Qui rend ſa priſon ſi plaiſante?

1335 1054 878 102 S’il est Dous, qui fait pour aimer

1343 1148 678 81 Sentir douleur ſi violente?

1395 1296 816 117 Si c'est vn Roy ſage & benin,

1333 1379 782 104 Qui luy fait bourreller la vie?

1325 1462 894 115 S’il est Tyran, pourquoy ſans fin

1322 1559 826 98 Ueut ont ſuiure ſa Tyrannie?

1374 1707 730 111 S'il est Liberal, & faut-il

1312 1787 829 117 Le ſoubçonner d’ingratitude?

1309 1873 686 109 S'il est Ingrat & Inutil,

1317 1956 774 117 Que ne fuit-on ſa ſeruitude?

1369 2122 803 115 S’il obſerue touſiours la Foy,

1299 2203 790 109 Qui le fait nommer Infidelle?

1296 2289 881 117 S’il est Menteur, qui rend ſa loy,

1294 2372 836 109 Entre les Mortelz immortelle?

1353 2543 879 133 Si ſon brandon luit ſaintement,

1286 2639 912 104 Comment peut-il bruler vne ame?

1281 2715 810 122 Et s’il la brule außi, comment

1286 2798 769 125 Peut elle viure en telle flame?

1343 2972 740 122 O feu amoureuſement dous,

1270 3055 785 127 O douces flames amoureuſes,
