3456 4677
1060 904 787 85 DE M. DES ROCHES.

2159 925 65 83 33

701 1008 847 109 Qui ſentant le Loup a la trace

698 1093 827 112 Luy fit abandonner la place,

698 1182 699 101 Et delaiſſer le petit cors,

693 1257 902 109 Dont l’Ame eſtoit deſia dehors.

688 1343 949 101 Uraiment c’eſtoit la plus gentille,

688 1426 774 112 La plus docte, la plus ſubtile,

693 1520 889 85 Que l'on eut ſceu voir entre nous:

688 1597 790 104 Elle auoit vn chanter ſi dous:

691 1681 818 98 Celle de Balaam qu’on vante,

686 1764 763 109 N'a iamais eſté ſi ſçauante,

683 1844 798 125 Il est vray qu'ell prophetiſa,

675 1933 790 111 Mais le bon Ange l’aduiſa,

680 2021 679 96 Et cette cy n’eſtoit aidée,

680 2099 912 119 Ny d'Ange, ny d’homme guidée,

675 2187 642 104 Sinon de ſa diſcretion:

688 2273 629 96 C'estoit vne perfection.

675 2351 624 120 Elle venoit de la lignée

670 2447 761 117 De celle qui tint compagnée

662 2533 1066 127 A Saint loſeph, quand Dieu naiquin

667 2629 845 109 Tant que la mignonne veſquit

662 2707 681 109 Elle fut autant courtiſée,

660 2798 823 104 Autant aimée, autant priſée

665 2884 732 96 Que pas vne autre du païs.

665 2962 751 111 O que d'Aſnes ſont ébahis,

662 3047 878 112 D'auoir vu mourir en fleur d’age

660 3136 891 122 Une Aſneſſe tant belle & Sage.

1802 3231 85 113 I
