3456 4677
1507 873 979 83 NOVVELLES OEVVRES

1236 963 744 120 Cheſcun eſperoit de l’auoir,

1239 1054 842 112 En mariage & s’en pouruoir:

1234 1138 969 104 Mais en vain, car touſiours la Belle

1226 1218 808 107 Le vouloit maintenir Pucelle.

1229 1301 634 104 Elle n’a pas peu merité

1231 1382 639 117 De garder ſa virginité,

1223 1470 873 120 Uu quelle fut tant pourſuiuie.

1221 1546 779 119 Sa Mere eſtoit de bonne vie,

1221 1636 751 115 Et fut aimée en ſon viuant

1218 1725 917 109 D'vn Gentilhomme pourſuiuant,

1213 1792 702 125 Qui la deroba du village,

1213 1891 816 112 Ia veulant mener au pillage:

1210 1966 853 117 Mais l’Aſneſſe de noble cueur

1210 2063 902 109 Penſant que c’étoit desbonneur,

1205 2146 853 98 D'abandonner du tout ſa terre

1203 2218 1052 128 Pour ſuiure vn Gẽdarme a la guerre,

1200 2309 772 115 Auecques luy ne ſeiourna,

1195 2390 813 114 Mais en ſa maiſon retourna:

1195 2478 800 117 Ma fille estant de méme race,

1192 2572 730 117 Auoit vne pareille grace,

1195 2647 696 120 Elle pardoit ſa Chaſteté

1190 2741 764 114 Aueque méme honnesteté,

1192 2821 725 115 Elles ont eu méme fortune

1187 2912 909 115 Esprouuant vne mort commune:

1190 2993 779 114 Elles moururent en vn coup

1187 3071 907 145 Par la fureur d’vn méms Loup.
