3456 4677
1031 927 842 83 DE M. DES ROCHES.

2167 937 78 97 34

717 1018 719 112 Mais i'étois affectionnée,

722 1104 894 122 A la Ieune plus qu’a l'Ainée:

727 1197 821 102 Pource ie l’ay voulu chanter.

719 1270 881 127 Mais (Helas) plustost lamenter,

719 1358 764 112 Dedans cete piteuſe plainte,

717 1439 959 117 Monstrant combien ie ſuis atainte

719 1535 704 107 De regret, n’ayant plus ici

711 1605 907 117 Mon dous plaiſir, mon cher ſouci.

719 1696 777 117 Encor que la Mere i’y range

724 1785 790 109 C'est pour venir à la louange

714 1857 803 112 De ſa Fille, que i’aimois tant.

717 1946 784 106 O que mon œil estoit content,

704 2026 888 122 Luy voiant dancer ſes gambades,

704 2109 888 122 Au ſon gaillard de ſes aubades!

701 2198 738 111 Et faire mille tours en l'aïr

714 2281 715 112 Comme ſi ell'eut ſceu voler.

701 2361 899 128 Pour faire vne humble reuerance,

696 2458 803 116 Pour auoir bonne contenance,

691 2546 990 135 Pour gaigner d’vn regard mignon

683 2637 868 127 Le cueur de quelque compagnon,

683 2715 857 119 Il ne s’est iamais vu d'Aſnelle,

680 2801 853 122 Qui eut autant de grace qu'elle.

673 2886 680 117 Außi ie la regrette bien,

680 2969 853 107 Car c’estoit mon dous entretien:

678 3055 704 122 Es ſi i’esperois d’auantage,

675 3133 790 135 De faire quelque beau voiage

1685 3258 109 121 I ij
