3456 4677
1598 896 940 78 NOVVELLES OEVVRES

1260 1005 665 99 Auec elle, mais elle part

1262 1104 785 91 Pour voyager en autre part.

1260 1177 798 98 Et la pauure petite Aſnette

1257 1257 855 101 Iamais ne mangera d’herbette,

1257 1343 834 96 Iamais ne mangera chardon.

1262 1418 827 109 Helas! Dieu luy face pardon,

1262 1504 868 109 Luy donnant les ſeures adreſſes,

1270 1584 972 120 De l’heureux ſeiour des Aſneſſes.

1644 1756 715 117 Sur la perte d’vn Collet.

1279 1929 129 175 C

1419 1917 1198 121 Ollet mon cher mignon, que i’ay autant aimé,

1262 2091 970 114 De ta perfection ſi piteux ſacrifice?

1415 2018 1182 113 Comme mes propres yeux, faloit-il que ie fiſſe

1265 2177 1169 112 Faloit-il que par moy tu fuſſes conſommé?

1312 2260 1151 117 Collet mon cher mignon, helas! i’ay alumé

1260 2346 1198 122 Le feu qui t’a brulé, mais ce n’eſt de malice,

1265 2437 1138 119 Car reconnoiſſant bien ton fidelle ſeruice,

1262 2525 1113 107 Ie t'ay ſur tous colletz cherement estimé.

1353 2611 1279 119 Collet mon cher mignon, ſi tes beautez perdues

1262 2715 1250 96 Se pouuoyent recouurer, par larmes eſpandues,

1273 2780 1099 98 Tu reuiurois encor, & la bourrelle main

1366 2871 1245 117 Pauure qui ta deſtruit, te donneroit pour gage

1255 2943 1314 120 Mon col ton priſonnier: maus helas! c’eſt en vain

1268 3034 1413 130 Que ie pleure ta perte, & mon trop grand dommage.
