3456 4677
1023 906 788 94 DE M. DES ROCHES.

2118 957 109 75 35

1064 1442 1011 167 DIALOGVE

839 1587 1237 127 DE PLACIDE ET SEVERE.

1182 1774 403 94 PLACIDE.

1122 1896 1058 122 OICI noſtre voiſin Seuere, qui s’en

1127 1990 1053 106 vient ayant la face merueilleuſement

1122 2073 1055 117 refrongnée: il a veu dans ſa maiſon

1117 2159 1055 124 quelque perſonne qui luy fâche, &

1122 2250 728 111 s’en plaint tout a part luy.

1109 2335 1063 120 SEVE. O la grãd peine que c’eſt d’a¬

644 2411 1530 119 uoir Femmes, ou Filles a gouuerner! Vray'ment ie ne

644 2502 1525 124 m’eſtonne point, dont vn renommé Philoſophe, penſe

641 2587 1531 120 les deuoir tenir au rang des Animaux ſans raiſon. Et ſi

647 2673 1522 120 iamais pauure homme s’eſt trouué affligé de leurs im¬

644 2764 1528 120 portunitez, ie ſuis ce miſerable. I’ay vne Femme rio¬

647 2842 1525 127 teuſe, facheuſe, dédaigneuſe: i’ay vne Fille éuentée,

641 2928 1531 117 affetée, efrontée: Ce-pendant il faut que ie ſoufre en

639 3014 1533 129 deſpit de moy, le chagrin de l’vne, & la vanité de l’au¬

639 3099 1535 128 tre. Mais ie voy le vieillard Placide venir en ça, lequel

639 3193 1535 164 ayant en ſa maiſon meme charge inutile que moy, d’v¬

1915 3297 125 113 I iij
