1816 2864
485 321 1060 110 LA CASTIANIRE D'OLIVIER

864 410 278 99 de Magny.

797 526 406 119 Au Lecteur.

805 699 258 112 SONET

420 830 891 99 D'or Barbarin, & d’argent de Copelle,

477 903 831 94 D’aniz, d’œilletz, de rozes, & de lys,

480 975 791 89 Et de boutons auecq' l'aube cueillis

482 1043 756 91 I'ay façonné ceſte Couronne belle,

434 1113 831 86 Pour en orner, d’vne forme nouuelle,

477 1177 801 87 Le ſacré chef de l'autheur que tu lis

487 1249 756 84 Qui tellement a mes yeux embellis

493 1312 974 91 Que luy mourant i’en ſuis faite immortelle.

448 1382 801 89 Et toutesfois ſi tu trouues plus beau,

496 1446 988 95 Le verd Laurier pour luy faire vn chapeau

501 1521 829 82 Compaſſe l'en, & luy couure la teste:

434 1587 842 93 Il me ſuffit d’auoir part en ſon cueur,

498 1657 837 85 Et de le voir ainſi de moy vainqueur,

506 1726 815 97 Comme de luy ie fis ample conqueſte.
