1840 2864
423 319 81 69 A

843 256 764 108 SEIGNEVR DE

469 362 1092 108 SAINT CHERON ET DE SAINT

533 445 980 124 Sanſon, Conſeiller & Aumoſnier

670 548 706 107 ordinaire de la Royne.

736 687 885 103 On ſeigneur, depuis le iour qu’il

732 778 889 89 vous pleut me receuoir des vo¬

733 849 890 96 ſtres en voſtre maiſon, i’ay cher¬

738 926 882 100 ché toutes les ocaſions que i’ay

447 1007 1186 103 peu penſer, pour vous monſtrer à l’effet la

447 1089 1186 99 bõne affection que i’auoy (cõme i’ay enco

442 1169 1194 99 re) de recognoiſtre ceſte faueur que vous

444 1245 1203 96 m’auez faite. Toutesfois quelque peine

448 1323 1191 101 que i’aye priſe, ie n’ẽ ay ſçeu trouuer, à tout

445 1396 1191 104 Ie moins d’aſſez ſufiſante, pour vous teſ¬

448 1482 1193 99 moigner, comme ie voudroy, le deſir que

460 1557 1181 100 i’ay de n’enſeuelir par vne ingratitude les

452 1640 1184 97 biẽs que i’ay receuz de vous. Et c’eſt pour¬

458 1719 1186 99 quoy en attendant quelque commodité

452 1799 1192 91 meilleure, ie me ſuis auiſé de faire vn amas

456 1872 1185 104 de quelques vers que i’ay meſurez autres¬

455 1960 1187 97 fois ſur la lyre, & depuis, l’ayant mis en ce¬

455 2035 1198 103 ſte ſorte, vous en faire vn preſent, ſachant

458 2112 1194 99 tresbien ne le pouuoir mettre en lieu de

477 2197 1173 116 plus grande ſeureté qu’entre voz mains,

1457 2270 196 110 qui de
