1744 2828
630 201 252 67 EPISTR

163 282 1196 87 qui de tous temps auez les Muſes & les

158 364 1196 88 Graces aupres de vous. Vous aſſeurant,

153 446 1207 85 Monſeigneur, que ie crain tellement de

155 527 1204 96 trop entreprẽdre en ceſt endroit, que ſans

152 604 1202 92 Ie bon viſage que ce liure a receu de Meſ¬

153 683 1201 94 ſieurs de Ronſard, Dorat, Muret, Sainge¬

155 763 1199 97 lais, Iodelle, Baif, & Deniſot, perſonnages

158 857 1199 85 qui vous ſont aſſez cogneuz, ſans que ie

157 928 1198 91 vous tienne plus long propos de leurs ex¬

157 1007 1197 89 cellances, & encore les aplaudiſſemens de

155 1085 1197 93 beaucoup d’autres Seigneurs bien eſtimez

157 1173 1195 83 entre ces premiers: ie n’euſſe iamais oſé

161 1245 1190 88 vous adreſſer choſe ſi peu conuenable à

164 1329 1185 88 voz yeux pour le reſpect de mon merite.

158 1403 1193 91 Ie vous ſuplie donc tres humblemẽt, Mon

158 1484 1193 93 ſeigneur, de prẽdre en gré ces petis labeurs

160 1566 1188 86 conduitz & menez par les diuers chemins

161 1640 1185 91 de ma ieuneſſe, & depuis mis en vn mon¬

163 1726 1186 88 ceau pour les apendre à l’autel de l’affe¬

163 1802 1185 89 ction immortelle que i’ay de vous faire ſer

163 1886 1175 93 uice: voire meſmes faire tant pour moy,

166 1962 1183 97 s’il vous plaiſt, que de les peſer en la iuſte

166 2045 1182 93 balance dont vous auez acouſtumé me¬

168 2124 1181 83 ſurer toutes choſes, mettãt ceux que vous

171 2202 1177 105 trouuerez dignes de lire (nonobſtant que

911 2295 166 91 A iij

1189 2295 160 83 ie ne
