1828 2864
923 208 326 73 EPISTRE.

421 281 1193 107 ie ne preſume rien de la maſſe) en vn petit

426 367 1188 102 coin à part pour en paſſer le temps aucu¬

426 447 1191 97 nesfois, & le reſte qui ne pourra venir à ce

431 521 1180 104 degré paſſer en ſilence ſans empeſcher vo¬

429 601 1188 102 ſtre diuin entendement en ocupation ſi

433 682 1184 97 terreſtre & baſſe, i’ay oſé les acompagner

436 758 1177 99 d’vn chant poëtique, & de quelques cha¬

436 841 1189 96 pitres d’Amour que vous auez autresfois

433 922 1184 93 eſcritz, non tant, mon Seigneur, pour am¬

436 996 1188 101 bitiõ de gloire, que pour meriter quelque

439 1075 1185 92 ſouuenance de moy à la poſterité, en reco

441 1151 1186 101 gnoiſſance du bien qu’elle aura receu de

439 1234 1186 99 moy pour luy faire voir des ſingularitez

441 1311 1186 97 ſi rares. Si en celà ie vous auoy tant ſoit peu

442 1384 1190 102 offenſé, ie vous ſuplie le plus humblemẽt

445 1467 1187 101 qu’il m’eſt poſsible de me le remettre, &

441 1548 1186 92 ne delaiſſer pour ceſte ocaſion à me mon¬

442 1621 1188 102 ſtrer le doux viſage & bon recueil qu’il

449 1700 1173 101 vous plaiſt, de voſtre grace, me faire ordi¬

442 1785 1027 90 nairement. Ce pendant & touſiours

444 1875 1181 101 Mon Seigneur ie prie le createur vous dõ¬

442 1961 1188 96 ner, en parfaite ſanté, treſlongue & tresheu

447 2044 1167 96 reuſe vie. De Paris ce xxvij. de Mars. 1553

711 2187 916 112 Voſtre treshumble & treſobeiſſant

703 2278 712 113 ſeruiteur Oliuier de Magny.
