1840 2864
740 250 163 31 ODE.

448 273 710 97 A rien qui ſoit en ce rond,

453 354 743 75 Les Dieux en leur nature trace,

455 418 826 92 Et meſme entre les Dieux prẽd place.

507 553 551 88 La Castianire heureuſe,

464 630 514 78 Que Magny adore icy,

464 693 575 80 Dans la table rechineuſe,

467 758 672 88 N’eust pas esté peinte ainſi,

466 833 565 81 Et pour vne Déeſſe telle,

466 897 667 87 La table ſeroit trop mortelle.

523 1031 658 93 Qui eſt ce qui peindroit l'ame

472 1112 645 70 Ornement de ce beau corps,

475 1174 599 86 Qui eſt ce qui ceſte flame,

509 1250 589 76 Qui eſt ce qui ces accordz,

472 1309 799 81 Ce beau port, ces humbles brauades

460 1376 754 95 Ces propos, ces ris, ces œillades?

531 1508 616 89 Celà donc qui par la destre

475 1581 583 80 D'vn ouurier laborieux,

479 1648 600 84 Entablé ne pourroit eſtre,

482 1718 619 83 Par ce peintre induſtrieux,

480 1783 683 84 Si bien exprimé l'on peut lire,

488 1853 764 88 Que chacun des Dieux s’en retire,

533 1984 581 95 Se ſentant de telle choſe

483 2062 518 79 Enialouzer viuement,

487 2127 496 84 Et ſa ialouzie encloſe,

488 2194 595 100 Raporte au Ciel tellement,

1302 2278 135 97 Qu'ilz
