1744 2840
449 194 532 80 DE E. IODELLE.

148 271 729 98 Qu’ilz deſirent tous à ſon heure,

140 350 729 88 La retraire au Ciel, ſa demeure.

186 478 497 91 Mais estant là retirée,

142 558 708 81 Par les Dieux, nous ne verrons

146 631 575 80 Sa vie au monde empirée,

143 698 614 79 Du fil des ans noz larrons,

145 760 827 90 Car ce, dont Magny meurt pour elle,

143 834 587 87 Rend icy ſa vie eternelle.

190 968 565 89 O ſaint Poëte admirable,

145 1047 584 74 En ton eſtrange pouuoir,

145 1112 536 79 A' Pigmalion ſemblable,

148 1188 660 74 Dont le pleur peut emouuoir,

146 1252 652 78 Les Dieux à donner vne vie,

148 1319 658 88 Paſſant celle qu’ilz ont rauie,

336 1449 817 94 LVY MESME A MAGNY

528 1525 396 104 Distique meſuré.

157 1651 1108 89 Phebus, Amour, Cypris, veult ſauuer, nourrir, & orner,

198 1716 1066 88 Ton vers, cueur, & chef, d’ombre, de flame, de fleurs.

1171 1792 159 74 Pierre
