1840 2852
503 283 1149 114 PIERRE DE RON SARD

692 388 769 88 Vandomois à Oliuier de Magny.

908 518 298 107 SONET.

486 635 957 117 Bien eſt vraiment le trait de ces beaus yeus

535 725 1010 94 De ces beaus yeus le trait eſt vraiment dinne,

535 795 962 95 Qui t’a bleſſé d’eſtre au Ciel vn beau ſinne,

535 868 824 84 Et de ſes feus embelir tous les Dieus.

489 936 789 85 Bien est vraiment le ſuiet precieus,

540 999 911 89 De la beauté qui te fait nouueau Cygne,

534 1069 901 86 Et qui ta voix contr’echange en Bucine,

532 1136 851 90 Pour entoner ſa gloire dans les Cieus.

494 1202 1006 92 Vy doncq (Magny) bien-heureus de ta plaie,

537 1270 946 86 Bien-heureus di-ie & puis qu’elle te paie,

537 1335 944 94 Heureus Magny, de tourmens ſi plaiſans.

492 1406 863 88 Car ie me trompe (en te liſant) ou celle

545 1470 859 92 Qui t’ard le cueur d’vne flame ſi belle,

549 1541 836 95 T’apreste vn nom qui defira les ans.

633 1650 907 138 IAN ANTOINE DE BAIF.

497 1809 943 98 Non ſans l'eſſai des fleches qu’Amour tire,

542 1887 887 88 Non ſans lardeur du brandon Cyprien,

542 1953 760 87 Ores, Magny, tu fais luire ſi bien,

542 2021 841 91 Le feu ſi beau, qui ſi dous te martire.

496 2091 729 89 En ta faueur la Muſe qui t’atire,

548 2159 878 84 Voire & le chef du Choeur Parnaßien,

543 2226 710 112 A peu laiſſer le bord Permeßien

1353 2303 136 87 Pour
