1780 2840
156 271 977 91 Pour donner l'ame aus fredons de ta lyre.

119 348 909 92 Pouſſe, Magny, ſui ton œuure entrepris,

167 421 789 79 Vien t’enroller entre les bien apris,

157 485 785 84 A deuancer des Muſes la carriere,

121 555 857 87 Si quelque fois les belles m’ont receu,

164 623 828 87 En leur ſaint bal (& ie ne ſuis deceu)

170 689 921 98 Tu dois laiſſer maint & maint en arriere.

310 891 785 103 MARC ANTOINE DE

583 975 198 74 Muret.

537 1095 300 107 SONET.

129 1249 899 87 Vers amoureus, vers doucement ſonnés,

168 1323 852 79 Certains teſmoins d’vne gentile flame,

168 1390 835 85 Qui des oians penetrés iuſqu’a l'ame,

170 1459 918 84 Tant qu’on les void de merueille étonnés.

132 1533 896 74 Vers tant polis, vers tant bien entonnés,

172 1593 850 88 Qu'a voſtre ſon de plaiſir on ſe pàme,

179 1666 930 83 Vers, qui l'amant, & ſon heureuſe Dame,

172 1735 864 76 D’immortel los brauement couronnés:

126 1798 901 89 Reſpondés moi, de quel Dieu le pouuoir

175 1864 910 90 De voſtre auteur vint l'eſprit émouuoir,

186 1934 896 98 Tant qu’il vous fit de ſi parfaitte grace?

127 2013 906 80 D'vn bout de trait Amour nous écriuit,

187 2076 893 80 Dedans ſon cueur, le iour qu’il le rauit,

178 2142 726 107 Par le regard d’vne celeſte face.

958 2196 159 120 A LA
