1840 2864
573 272 988 105 A LA CASTIANIRE D'OLI¬

717 354 702 94 uier de Magny, par Eſt. de

934 427 253 81 Nauieres.

475 552 954 101 Au plus beau teint, des plus viues couleurs,

518 628 941 92 Par ton Magny ta ſaincte image eſt peinte

506 698 1115 92 Des meſmes traitz qu’en ſon cueur fut emprainte,

509 768 955 89 Au iour premier de ſes heureux malheurs.

475 838 693 89 Icy verras tes celeſtes valeurs,

522 898 757 94 Obiet fatal de ſa flamme ſi ſainte,

520 970 826 89 Icy verras l'aſſeurance, & la crainte,

518 1040 876 86 L’aigre douceur de ſes gayes douleurs.

480 1109 925 84 Mais noz enfans mil & mil ans ſuyuans,

526 1174 971 89 Liſans les feuz qui vous brulloient aymans,

528 1244 783 86 Diront de toy piteuſement cruëlle,

482 1309 907 91 Heureux ſuiet duquel les yeux guerriers,

528 1379 953 76 De leur vaincu, furent ſi doux meurtriers

533 1443 960 103 Qu’ilz font ſa vie en mourant immortelle.

585 1579 944 93 HEXASTIQVE FRANCOIS

986 1651 74 72 Par

784 1704 484 90 Le Conte d’Alſinois.

490 1836 1030 84 Voy de rechef, ô alme Venus, Venus alme, rechanter,

547 1898 740 71 Ton loz immortel par ce poëte ſacré.

490 1949 1038 79 Voy de rechef vn vers animé, vers digne de ton nom,

542 2004 984 75 Vers que la France reçoit, vers que la France lira:

490 2068 975 72 Et fay qu’en reſonant ton loz, il puiſſe de ſes vers,

539 2124 954 87 Par ta benigne faueur vaincre la force d’Amour.

848 2251 406 92 In ocio negotium.

1343 2321 148 102 Remi
