1780 2840
336 263 639 95 REMI BELLEAV.

113 405 743 88 On eſt priſé pour auoir combatu

154 478 742 88 Contre l'effort & depiteuſe rage

151 550 865 87 D'vn ennemy, quant d’aſſeuré courage

151 615 786 87 On la ſous ſoy vaillamment abatu.

112 686 787 90 De telz honneurs Hercule reueſtu,

148 757 770 85 Rauit le Ciel, & eut tel auantage

151 829 950 81 Que l’vn des Dieux, encores que l'outrage

143 891 825 87 De ſa Maratre empeſchaſt ſa vertu:

105 962 979 88 Mais toy, Magny, combien que ſon eſclaue,

162 1033 923 87 T’ait fait Amour, & de ruſe plus braue,

146 1101 945 88 Dardant ſes traitz, ait aſſeruy ton cueur:

105 1172 829 83 Si as tu pris (eſtant vaincu) la place

142 1240 994 90 Du plus vaillant, nous monſtrant à la trace,

148 1311 948 105 Que tu viuras autant que ton vainqueur.

339 1429 716 131 CLAVDE GRVGET.

102 1568 859 110 Puis que parmy le verdoyant ombrage

146 1656 802 98 Chacun oyſeau degoiſe ſa chançon,

146 1722 998 103 Sans que le moindre ayt egard au doux ſon

143 1798 898 92 Du Roßignol, honneur du gay bocage:

104 1861 991 95 Doy-ie auoir peur de chanter mon ramage,

145 1934 975 99 Non plus qu'aux champs le ſerin ou pinſon

153 2005 837 91 Veu que ie ſens l'ardeur & le glaçon,

148 2068 937 96 Du Dieu auquel les autres font hommage?

108 2141 901 88 Non non, Magny, les vers que ie distile,

146 2202 1069 107 Encor qu’ilz ſoient du plus humble & bas stile,

1062 2298 165 87 Ne ce.
