1828 2876
486 268 912 125 Ne cedent point au deſir plus extreme.

449 367 877 94 Comme les grans ie ſacre ton honneur,

493 426 906 107 Au Dieu qui t'eſt ſi large guerdonneur,

495 496 991 106 Qu’on voit tes vers te couronner toy meſme.

926 635 282 88 Fra gli dui.

539 759 933 146 CL. COLET CHAM¬

859 881 349 66 PENOIS.

882 984 303 92 SONET.

455 1115 773 126 Ne cherche plus ton Enfant euolé,

509 1214 905 92 C’est moy, Venus, qui t'en dira nouuelle,

524 1278 680 97 Çà le tetin, çà la leüre iumelle,

514 1348 837 91 Pour mon guerdon que ie ſoys acollé.

449 1417 826 94 Deuers Magny ce mignart est vollé,

519 1485 685 95 Et, le cruel, de ſa fleche cruelle,

525 1553 737 92 Cruellement iuſques à la mouelle,

514 1620 770 94 Le tranſpérçant, l'a du tout affollé.

460 1688 759 95 Du chaste obiet d’vne diuine face,

530 1751 879 99 Face pourtraite au moulle d’vne Grace,

517 1819 820 93 L’a tant emeu qu’il en eſt au mourir:

464 1893 916 97 Puis doncq', Venus, que tu as la puiſſance,

525 1965 892 99 De luy donner quelque douce allegence,

528 2032 790 121 vien, ie te pry', vien toſt le ſecourir.

883 2177 305 115 T.P.I.M.
