1780 2840
1247 246 33 52 1

158 537 1098 120 LES AMOVRS D’OLI¬

222 631 963 114 VIER DE MAGNY QVERCI¬

317 739 757 105 nois, & quelques Odes

553 829 229 100 de luy.

536 1028 278 92 Sonetz.

490 1167 789 106 Vi le croira, bien qu'en vers, ie l'eſ¬

514 1263 180 62 criue,

516 1320 759 90 Que pour mon mal, dificile à celer,

525 1391 721 85 Vn ardant feu ſe voye eſtinceler

511 1454 715 100 Dans la froideur d’vne glace ſi

568 1539 138 68 viue?

99 1588 817 93 Ie n’eſcri rien qui du vray ne deriue,

135 1659 898 92 Mais ſi quelqu’vn ne croit à mon parler,

138 1726 894 88 Voye ma Dame, & ſans plus loing aller,

132 1795 691 87 Il trouuera la froidure nayue.

91 1860 852 98 Regarde apres mon corps ia conſumé,

129 1937 623 79 Il le verra viuement alumé

132 1999 775 91 Du cler rayon de ſa beauté celeſtes:

88 2066 778 92 Et cognoiſtra que ſa dure froideur

138 2136 808 91 Alume en moy la deuorante ardeur,

129 2204 877 112 Et le brazier qui me bruſle & moleste.

807 2312 47 68 B

1019 2308 107 63 Les
