1816 2864
776 221 433 76 LES AMOVRS

493 295 1004 112 Les raiz flambans de voſtre oeil foudroyant,

536 372 999 98 Perſans mon cueur de leur lumiere prompte,

536 442 877 91 Firent leuer l’Amour qui me ſurmonte,

539 505 888 96 Qui ſommeilloit en mon ſein larmoyant.

504 569 826 102 Luy eſueillé freſchement flamboyant,

552 642 815 86 Tira vers ſoy la lueur qui me domte,

544 711 839 86 Puis en forma vne image à ma honte,

549 773 803 95 Tous mes eſpritz à ſon aiſe ployant.

510 838 776 99 Et neanmoins ſi douce fut à l'heure

552 906 821 93 Ceſte clarté des clartez la meilleure,

557 973 897 96 Si douce außi l'idole, & ces beaux yeux,

525 1038 893 102 Que tout l’amer qui depuis m’enſorcelle,

558 1115 755 89 Eſt temperé de ce doux gracieux,

560 1167 1004 110 Qui dans mon cueur touſiours ſe renouuelle.

526 1309 852 102 Ame de moy, non eſpouze, mais Dame

571 1384 872 87 De mon las cueur, tant rongé de ſoucy,

574 1449 815 92 En qui mon bien & mes forces außi

577 1516 906 89 Font leur ſeiour, comme ſouz ſeure lame:

533 1587 910 86 De mon honneur la colonne, ò mon Ame,

584 1656 826 84 Si maintenant ie pars de vous tranſy,

590 1721 797 89 Vous ſçauez bien, il vous eſt éclercy

585 1788 927 89 Quel est mon deul, & ma cuyſante flame.

545 1855 885 92 Sans vous estant, ie ſuis du tout eſtaint,

595 1925 936 84 Car vous guidez ce corps d’Amour ataint,

587 1990 880 92 Et luy ſoufflez ſa vigueur la plus forte,

545 2063 979 89 Puis qu’ores donc vous voyez que contraint

596 2127 914 92 Ie pars de vous, d’aſpre douleur eſtrainct,

603 2195 815 107 Ayez pitié du tourment que ie porte.

1343 2272 180 92 Ie trou¬
