1792 2816
395 214 600 73 D'OL. DE MAGNY.

143 301 1015 79 Ie trouue en vous toutes beautez, ma Dame,

189 366 1147 97 Beau front, beaux yeux de deux arcz cournonez,

183 441 813 75 Soubs deux Rubis de Lis enuironez

186 508 901 81 Ces belles dens qui tenaillent mon Ame,

139 574 984 87 Le ſein ſans per, dout l’Archerot m’entame,

183 646 964 92 Dix doigtz Marbrins de Perles atournez,

175 716 782 80 Et mile oeilletz auec l’Aurore nez

178 783 840 88 En voſtre teinct le motif de ma flame,

136 851 803 87 Cent mile filz de ſoye belle & riche,

181 919 992 91 Qui voſtre chef dorent de main non chiche,

172 988 835 91 Et mile rais qui ſortent de voz yeux,

128 1059 872 83 Mile doux motz de nature immortelle,

179 1123 1135 100 Tous ces beaux poinctz vous portez en tous lieux,

169 1198 1012 98 Mais en mon cueur ie vous porte plus belle.

123 1329 855 91 Le iour tant beau & tant auentureux

175 1404 798 85 Qu’Amour domta ma forte liberté,

156 1470 939 91 Bruſlant mon cueur d’vne ardante clarté

165 1542 949 92 Qui m'eſblouyt, & me rend bien heureux,

126 1614 806 81 Vn beau Soleil, vn Soleil vigoureux

158 1683 688 83 Ie vy ça bas, qui d’vne infinité

161 1747 809 89 De belles fleurs, en toute extremité,

156 1819 834 84 Ornoit l'entour de ſes pas amoureux.

117 1885 828 87 Dont moy oyant le ſon de ſes propos,

159 1953 859 94 N’habandonnay tout ſoudain le repos,

161 2021 771 89 Et pas à paz meſurois ſon aleure:

112 2091 825 86 Mais en ſuiuant ſi diuine excellance,

162 2162 792 90 Trop obſtiné deſſus ſa contenance,

158 2226 682 100 Lyé ie fuz auec ſa cheueleure.

770 2316 84 94 B ij

1064 2316 150 76 Diuin
