1828 2864
749 232 457 83 LES AMOVRS

444 313 732 97 Diuin Salel de qui l'ancre dorée

488 385 889 90 Plante à ton loz vn Laurier verdiſſant,

492 455 831 87 Dans le milieu du pourpris floriſſant

488 529 905 80 De noſtre France, amplement honnorée,

464 591 731 94 Que d’Apollon la faueur deſirée

506 657 858 84 N’est en mes vers l'obſcur éclerciſſant,

506 728 769 85 Comme des tiens il est éblouyſſant

506 793 922 93 Les yeux plus vifz, & ſa torche Etherée

464 867 781 79 I'enrichiroy de cent mile couleurs,

515 932 817 83 Les raritez, les beautez, & valeurs

515 1000 881 88 De ma Déeſſe, ornement de noſtre age,

487 1072 778 83 Voire ſi hault en degré la mettrois

523 1132 951 93 Qu’à ſon renom n’aprocheroient ces trois,

523 1206 793 89 Delie, Oliue, & Caſſandre la ſage.

480 1338 957 84 Arreſtez vous, voyez la douceur grande,

525 1404 933 93 Parfaitz Amans, des yeux de ma Meduſe,

533 1476 833 84 Et contemplez ce qui rend ſi confuſe

530 1544 946 88 L’Ame de moy qu’autre bien ne demande.

485 1614 946 82 Puis admirez, Amour vous le commande,

533 1680 777 89 Ceſte beauté pour ma ruyne infuſe

533 1743 931 93 Au lac d’oubly, puis voſtre eſprit s’amuſe

536 1818 817 86 A l'eſthomac auquel ie fais offrande.

485 1888 774 83 Soyez prudens toutesfois eſtimez,

528 1957 771 84 A celle fin de n’eſtre transformez

538 2019 909 86 Comme ie fus en Marbre dur & bleſme.

482 2092 938 87 Dont à l’Amour rens nompareille grace.

536 2157 835 89 Qui mes deſirs mit en ſi haulte place

535 2221 995 106 Qu'en oubly mis & le monde & moymeſme.

1421 2299 176 79 Amour
