1780 2828
369 226 594 64 D'OL. DE MAGNY.

1275 228 57 97 3

146 303 858 86 Amour auoit du plus ſaint de ſa flame

194 381 865 80 Enuironné le chaſteau de mon cueur,

199 444 901 79 Quand il ſe fit de mes forces vainqueur,

187 516 937 79 Me rendant ſerf treshumble de ma Dame.

146 586 909 80 Le lieu, le temps, & l'effort de mon Ame,

187 658 857 78 N’eurent pouoir d’apaiſer la rigueur

183 728 930 74 De cest Archer, ains en croiſt la vigueur

188 796 928 75 Au ſeul record du trait dont il m'entame:

144 865 794 71 Et toutesfois i’estime bien heureux

187 933 912 75 L’aſpect benin de mon aſtre amoureux,

188 999 777 86 Me fortunant d’vne telle ſecouſſe,

144 1068 846 85 Puis qu’en l'obget duquel ie ſuis épris

199 1137 912 88 Tout le plus beau des aſtres est compris,

187 1206 849 88 Et de l'Amour l'amertume plus douce.

146 1338 934 93 Comme au printemps la Paſtourelle gaye,

188 1414 741 81 A qui le froid de l'hiuer ia paßé,

188 1476 937 91 Auoit d’ennuis grand nombre pourchaßé

188 1552 934 83 Et de langueur faict mainte amere playe:

147 1619 926 87 Maintenant va, puis ſautelle, & s’eſſaye

190 1688 819 87 Parmy les champs d’vn deſir inſenſé

185 1759 873 82 Rendre du tout ſon cueur recompenſé

190 1825 918 90 Par la verdeur de ce temps qui l'eſgaye:

146 1893 858 86 Mais il auient qu’elle foule en ſaultant

196 1957 936 94 Vn froid Serpént deſſous l'herbette eſtant

193 2031 934 91 Si qu’il la mord, dont apres ell' treſpaſſe.

147 2102 945 91 Ainſi m'auint quand de voz doux propos

191 2172 774 84 Me prometiez allegence & repos,

190 2232 998 102 Bleſſant mon cueur du trait de voſtre grace.

661 2317 117 105 B iij

937 2336 193 80 Ie cher¬
