<?xml version="1.0" encoding="UTF-8"?>
<alto xmlns:xsi="http://www.w3.org/2001/XMLSchema-instance"
      xmlns="http://www.loc.gov/standards/alto/ns-v4#"
      xsi:schemaLocation="http://www.loc.gov/standards/alto/ns-v4# http://www.loc.gov/standards/alto/v4/alto-4-2.xsd">
  <Description>
    <MeasurementUnit>pixel</MeasurementUnit>
    <sourceImageInformation>
      <fileName>34.jpg</fileName>
      
    </sourceImageInformation>
  </Description>
  
  <Tags>
    <OtherTag ID="BT4943" LABEL="MainZone" DESCRIPTION="block type MainZone"/><OtherTag ID="BT4944" LABEL="NumberingZone" DESCRIPTION="block type NumberingZone"/><OtherTag ID="BT4945" LABEL="QuireMarksZone" DESCRIPTION="block type QuireMarksZone"/><OtherTag ID="BT4946" LABEL="RunningTitleZone" DESCRIPTION="block type RunningTitleZone"/><OtherTag ID="BT4947" LABEL="DropCapitalZone" DESCRIPTION="block type DropCapitalZone"/><OtherTag ID="BT4948" LABEL="GraphicZone" DESCRIPTION="block type GraphicZone"/><OtherTag ID="BT4949" LABEL="DamageZone" DESCRIPTION="block type DamageZone"/><OtherTag ID="BT4950" LABEL="TitlePageZone" DESCRIPTION="block type TitlePageZone"/><OtherTag ID="BT4981" LABEL="CustomZone" DESCRIPTION="block type CustomZone"/><OtherTag ID="BT4982" LABEL="DigitizationArtefactZone" DESCRIPTION="block type DigitizationArtefactZone"/><OtherTag ID="BT4983" LABEL="MarginTextZone" DESCRIPTION="block type MarginTextZone"/><OtherTag ID="BT4984" LABEL="MusicZone" DESCRIPTION="block type MusicZone"/><OtherTag ID="BT4985" LABEL="SealZone" DESCRIPTION="block type SealZone"/><OtherTag ID="BT4986" LABEL="StampZone" DESCRIPTION="block type StampZone"/><OtherTag ID="BT4987" LABEL="TableZone" DESCRIPTION="block type TableZone"/>
    <OtherTag ID="LT1591" LABEL="DropCapitalLine" DESCRIPTION="line type DropCapitalLine"/><OtherTag ID="LT1590" LABEL="CustomLine" DESCRIPTION="line type CustomLine"/><OtherTag ID="LT1593" LABEL="MusicLine" DESCRIPTION="line type MusicLine"/><OtherTag ID="LT1592" LABEL="InterlinearLine" DESCRIPTION="line type InterlinearLine"/><OtherTag ID="LT1577" LABEL="HeadingLine" DESCRIPTION="line type HeadingLine"/><OtherTag ID="LT1576" LABEL="DefaultLine" DESCRIPTION="line type DefaultLine"/>
  </Tags>
  
  <Layout>
    <Page WIDTH="1840"
          HEIGHT="2852"
          PHYSICAL_IMG_NR="31"
          ID="eSc_dummypage_">
      <PrintSpace HPOS="0"
                  VPOS="0"
                  WIDTH="1840"
                  HEIGHT="2852">
        
        <TextBlock HPOS="722.0"
                   VPOS="249.0"
                   WIDTH="490.0"
                   HEIGHT="70.0"
                   ID="block_1"
                   TAGREFS="BT4946">
          <Shape><Polygon POINTS="722 249 1212 249 1212 319 722 319 722 249"/></Shape>
          
          
          <TextLine ID="line_0"
                    TAGREFS="LT1577"
                    BASELINE="741 304 1183 299" 
                    HPOS="740"
                    VPOS="250"
                    WIDTH="443"
                    HEIGHT="70">
            <Shape><Polygon POINTS="1026 250 1004 259 1001 259 1000 259 969 250 968 250 961 250 946 250 930 250 914 250 912 250 911 250 889 259 882 263 774 263 770 259 757 251 755 251 754 251 752 251 751 251 740 256 741 304 741 313 1033 320 1034 320 1036 320 1058 312 1169 318 1171 318 1172 318 1174 318 1183 310 1183 299 1180 259 1055 250 1041 250"/></Shape>
	    <String CONTENT="LES AMOVRS"
                    HPOS="740"
                    VPOS="250"
                    WIDTH="443"
                    HEIGHT="70"
                    WC="0.999482798576355"></String>
          </TextLine>

          
        </TextBlock>
        
        <TextBlock HPOS="450.0"
                   VPOS="315.0"
                   WIDTH="1174.0"
                   HEIGHT="2008.0"
                   ID="block_0"
                   TAGREFS="BT4943">
          <Shape><Polygon POINTS="450 315 1624 315 1624 2323 450 2323 450 315"/></Shape>
          
          
          <TextLine ID="line_1"
                    TAGREFS="LT1576"
                    BASELINE="477 388 1442 385" 
                    HPOS="475"
                    VPOS="324"
                    WIDTH="967"
                    HEIGHT="86">
            <Shape><Polygon POINTS="477 388 477 410 529 402 587 410 589 410 641 402 933 410 935 410 936 410 960 400 1030 408 1031 408 1033 408 1050 400 1072 408 1074 408 1076 408 1136 400 1147 408 1149 408 1150 408 1152 408 1206 400 1440 408 1442 385 1439 340 1331 327 1329 327 1286 337 1253 324 1252 324 1250 324 1028 334 996 324 995 324 993 324 992 324 960 339 955 340 950 339 912 326 911 326 889 326 887 326 885 326 884 326 884 327 871 339 870 340 862 339 819 329 817 329 816 329 781 339 771 342 692 342 689 339 678 327 678 326 676 326 675 326 673 326 671 326 670 326 656 339 652 342 614 342 610 339 592 326 591 326 589 326 587 326 586 326 561 339 556 340 475 339 477 388"/></Shape>
	    <String CONTENT="Ie cherche Paix, &amp; ne trouue que Guerre,"
                    HPOS="475"
                    VPOS="324"
                    WIDTH="967"
                    HEIGHT="86"></String>
          </TextLine>

          
          
          <TextLine ID="line_2"
                    TAGREFS="LT1576"
                    BASELINE="521 457 1317 451" 
                    HPOS="519"
                    VPOS="400"
                    WIDTH="798"
                    HEIGHT="73">
            <Shape><Polygon POINTS="521 457 521 473 1317 473 1317 451 1315 413 1280 400 1278 400 1277 400 1164 408 1125 400 1123 400 1122 400 1120 400 1101 415 974 415 958 402 957 402 955 402 917 402 916 402 914 402 866 415 852 405 851 405 849 405 847 405 846 405 816 415 794 404 792 404 790 404 789 404 746 415 725 404 724 404 722 404 721 404 719 404 719 405 708 416 633 405 632 405 572 416 557 405 556 405 554 405 553 405 551 405 519 418 521 457"/></Shape>
	    <String CONTENT="Ore i’ay peur, ore ie ne crains rien,"
                    HPOS="519"
                    VPOS="400"
                    WIDTH="798"
                    HEIGHT="73"
                    WC="0.980996779493383"></String>
          </TextLine>

          
          
          <TextLine ID="line_3"
                    TAGREFS="LT1576"
                    BASELINE="526 526 1418 516" 
                    HPOS="524"
                    VPOS="462"
                    WIDTH="894"
                    HEIGHT="86">
            <Shape><Polygon POINTS="526 526 526 545 570 538 594 545 603 548 605 548 606 548 608 548 619 545 641 538 660 545 670 548 671 548 673 548 675 548 676 548 681 545 695 537 784 537 792 545 794 545 794 546 795 546 797 546 798 546 830 543 904 537 925 543 930 545 931 545 933 545 935 545 939 543 969 533 988 543 990 543 992 543 993 543 998 543 1042 533 1106 543 1117 543 1118 543 1120 543 1123 541 1150 532 1194 541 1196 541 1198 541 1201 541 1290 530 1415 540 1418 516 1416 473 1393 462 1391 462 1389 462 1318 470 1272 462 1271 462 1269 462 1229 473 1118 464 1117 464 1034 475 1019 465 1017 465 1015 465 1014 465 1012 465 968 476 857 467 855 467 854 467 852 467 852 468 843 478 763 478 738 468 736 468 735 468 733 468 711 476 689 468 687 468 686 468 684 468 683 468 668 481 524 481 526 526"/></Shape>
	    <String CONTENT="Tantoſt du mal, &amp; tantoſt i’ay du bien,"
                    HPOS="524"
                    VPOS="462"
                    WIDTH="894"
                    HEIGHT="86"
                    WC="0.964804877073337"></String>
          </TextLine>

          
          
          <TextLine ID="line_4"
                    TAGREFS="LT1576"
                    BASELINE="524 592 1432 581" 
                    HPOS="522"
                    VPOS="530"
                    WIDTH="910"
                    HEIGHT="86">
            <Shape><Polygon POINTS="524 592 524 606 546 616 548 616 549 616 551 616 553 616 553 614 561 606 562 606 619 606 622 606 649 616 651 616 652 616 654 616 686 606 695 605 711 606 763 614 765 614 767 614 768 614 778 606 786 603 873 606 971 611 973 611 974 611 984 606 996 602 1019 606 1026 608 1028 608 1038 606 1076 600 1142 606 1171 610 1172 610 1174 610 1182 606 1209 598 1286 606 1301 608 1302 608 1304 608 1307 606 1336 597 1431 606 1432 581 1431 541 1410 530 1408 530 1407 530 1331 540 1318 530 1317 530 1315 530 1313 530 1312 530 1310 530 1310 532 1297 543 1296 546 1280 546 1278 543 1266 533 1266 532 1264 532 1263 532 1226 532 1225 532 1223 532 1187 545 1185 545 1183 545 1171 538 1169 538 1168 538 1128 545 1118 546 1117 545 1099 533 1098 533 1096 533 1095 533 1093 533 1091 533 1091 535 1079 546 1077 548 976 548 973 546 944 535 942 535 941 535 939 535 938 535 938 537 928 546 900 548 870 549 866 548 844 537 843 537 801 537 800 537 738 549 736 549 703 538 702 538 700 538 698 538 697 538 679 549 657 538 656 538 654 538 652 538 651 538 651 540 638 551 635 552 624 551 549 540 548 540 546 540 522 549 524 592"/></Shape>
	    <String CONTENT="Ie vole aux cieux, &amp; ne bouge de terre."
                    HPOS="522"
                    VPOS="530"
                    WIDTH="910"
                    HEIGHT="86"
                    WC="0.985171194259937"></String>
          </TextLine>

          
          
          <TextLine ID="line_5"
                    TAGREFS="LT1576"
                    BASELINE="481 660 1307 654" 
                    HPOS="480"
                    VPOS="600"
                    WIDTH="827"
                    HEIGHT="86">
            <Shape><Polygon POINTS="481 660 481 682 580 674 614 684 626 686 627 686 629 686 645 682 690 673 736 682 751 684 752 684 754 684 763 681 792 673 838 681 860 684 862 684 919 682 920 682 922 682 925 679 941 671 1071 671 1077 678 1082 681 1082 682 1084 682 1085 682 1087 682 1088 682 1090 682 1095 678 1101 674 1304 674 1307 654 1302 614 1228 614 1225 613 1199 600 1198 600 1098 600 1096 600 1095 600 1061 613 1049 617 938 617 931 611 920 602 919 602 917 602 916 602 839 603 838 603 836 603 836 605 830 611 825 614 808 611 771 603 770 603 768 603 767 603 767 605 760 611 755 616 744 611 729 603 727 603 725 603 724 603 722 603 722 605 716 610 708 619 676 621 534 621 518 610 513 605 511 605 510 605 508 605 480 608 481 660"/></Shape>
	    <String CONTENT="Dans mes deſirs l&#x27;eſperance i&#x27;enſerre,"
                    HPOS="480"
                    VPOS="600"
                    WIDTH="827"
                    HEIGHT="86"
                    WC="0.965188809131321"></String>
          </TextLine>

          
          
          <TextLine ID="line_6"
                    TAGREFS="LT1576"
                    BASELINE="527 727 1339 722" 
                    HPOS="526"
                    VPOS="670"
                    WIDTH="813"
                    HEIGHT="77">
            <Shape><Polygon POINTS="527 727 527 738 545 747 546 747 548 747 624 738 632 738 637 738 667 747 668 747 670 747 738 738 748 738 754 739 794 747 795 747 797 747 798 747 811 739 814 736 819 739 835 746 836 746 838 746 839 746 862 739 866 738 871 739 887 746 889 746 890 746 892 746 893 746 900 739 904 736 923 739 969 746 971 746 973 746 998 739 1011 736 1025 739 1044 744 1045 744 1047 744 1049 744 1058 739 1068 735 1087 739 1104 744 1106 744 1107 744 1137 739 1172 735 1213 735 1223 739 1228 744 1229 744 1231 744 1233 744 1337 739 1339 722 1337 684 1307 673 1305 673 1304 673 1302 673 1267 682 1244 670 1242 670 1240 670 1107 681 1063 686 976 686 971 679 963 673 963 671 961 671 960 671 958 671 957 671 933 679 914 684 889 678 865 673 765 673 763 673 762 673 760 673 760 674 757 676 751 682 729 676 714 673 713 673 711 673 710 673 700 676 673 686 526 674 527 727"/></Shape>
	    <String CONTENT="Puis en l&#x27;inſtant ie luy romps le lyen,"
                    HPOS="526"
                    VPOS="670"
                    WIDTH="813"
                    HEIGHT="77"
                    WC="0.98355503877004"></String>
          </TextLine>

          
          
          <TextLine ID="line_7"
                    TAGREFS="LT1576"
                    BASELINE="527 796 1320 787" 
                    HPOS="526"
                    VPOS="735"
                    WIDTH="794"
                    HEIGHT="85">
            <Shape><Polygon POINTS="527 796 530 820 545 811 599 817 600 817 659 808 760 808 773 815 781 819 782 819 784 819 854 817 855 817 857 817 862 812 871 806 914 812 922 812 923 812 925 812 927 812 936 804 961 811 981 815 982 815 984 815 985 815 996 811 1007 804 1028 809 1050 815 1052 815 1053 815 1320 803 1320 787 1317 749 1278 741 1277 741 1193 747 1166 749 1163 747 1149 736 1147 736 1145 736 1144 736 1142 736 1117 744 1085 735 1084 735 1082 735 1080 735 1052 746 1042 751 1038 746 1028 738 1028 736 1026 736 1025 736 922 736 920 736 868 744 822 752 794 744 787 743 786 743 784 743 782 743 781 743 779 744 767 754 752 744 746 739 744 739 743 739 741 739 740 739 725 744 689 754 633 744 632 744 584 755 570 743 570 741 568 741 567 741 565 741 526 741 527 796"/></Shape>
	    <String CONTENT="I’ayme celuy qui m’eſt le ſeul moyen"
                    HPOS="526"
                    VPOS="735"
                    WIDTH="794"
                    HEIGHT="85"
                    WC="0.993673387500975"></String>
          </TextLine>

          
          
          <TextLine ID="line_8"
                    TAGREFS="LT1576"
                    BASELINE="529 861 1446 855" 
                    HPOS="527"
                    VPOS="800"
                    WIDTH="919"
                    HEIGHT="87">
            <Shape><Polygon POINTS="529 861 529 874 551 884 553 884 554 884 626 876 637 885 637 887 638 887 640 887 641 887 679 879 755 887 757 887 759 887 760 887 774 876 778 874 779 876 794 885 795 885 797 885 798 885 800 885 830 877 841 874 884 877 985 885 987 885 988 885 1009 877 1022 874 1095 879 1175 884 1177 884 1179 884 1180 884 1187 879 1196 873 1226 879 1228 879 1267 871 1299 880 1305 882 1307 882 1309 882 1321 880 1370 871 1445 880 1446 855 1445 814 1410 801 1408 801 1407 801 1405 801 1381 812 1355 800 1353 800 1351 800 1242 808 1164 801 1163 801 1118 812 1115 812 1114 812 1103 803 1101 803 1099 803 1098 803 1096 803 1079 811 1077 812 1069 811 1011 801 1009 801 1007 801 1006 801 995 811 990 815 960 815 931 811 889 803 887 803 885 803 870 811 862 815 824 815 819 811 813 804 813 803 811 803 809 803 808 803 806 803 805 803 805 804 798 809 792 817 755 817 736 809 730 808 729 808 727 808 725 808 724 808 722 809 711 819 671 819 662 809 660 808 659 808 657 808 656 808 654 808 651 809 635 817 527 809 529 861"/></Shape>
	    <String CONTENT="Du dard pointu qui ſans ceſſe m&#x27;enferre,"
                    HPOS="527"
                    VPOS="800"
                    WIDTH="919"
                    HEIGHT="87"
                    WC="0.982995556294918"></String>
          </TextLine>

          
          
          <TextLine ID="line_9"
                    TAGREFS="LT1576"
                    BASELINE="488 931 1413 922" 
                    HPOS="486"
                    VPOS="871"
                    WIDTH="927"
                    HEIGHT="86">
            <Shape><Polygon POINTS="488 931 488 955 641 957 643 957 645 957 646 957 649 953 664 945 692 953 697 955 698 955 700 955 702 955 703 955 705 953 716 945 757 952 759 952 797 944 858 952 863 952 865 952 871 952 950 942 1023 942 1036 950 1041 953 1042 953 1044 953 1045 953 1125 952 1126 952 1134 949 1158 941 1206 949 1229 952 1231 952 1301 950 1302 950 1304 950 1307 947 1321 939 1412 945 1413 922 1412 884 1378 871 1377 871 1318 871 1317 871 1315 871 1313 871 1297 880 1271 871 1269 871 1267 871 1266 871 1242 882 1236 885 1229 882 1207 873 1206 873 1204 873 1202 873 1201 873 1201 874 1191 882 1187 887 1152 887 1145 882 1134 873 1133 873 1131 873 1101 873 1099 873 1098 873 1096 873 1085 882 1077 887 1065 882 1058 879 1057 879 1055 879 1053 879 1052 879 1052 880 1050 882 1044 887 1019 880 1012 880 1011 880 992 880 868 888 835 880 824 877 822 877 820 877 819 877 811 880 786 890 778 884 778 882 776 882 774 882 773 882 771 882 759 888 675 879 651 877 649 877 648 877 646 877 646 879 645 879 633 890 562 892 486 879 488 931"/></Shape>
	    <String CONTENT="Ie voy ſans yeux, ie cours ſans deplacer,"
                    HPOS="486"
                    VPOS="871"
                    WIDTH="927"
                    HEIGHT="86"
                    WC="0.995080795229935"></String>
          </TextLine>

          
          
          <TextLine ID="line_10"
                    TAGREFS="LT1576"
                    BASELINE="529 999 1271 991" 
                    HPOS="527"
                    VPOS="937"
                    WIDTH="744"
                    HEIGHT="88">
            <Shape><Polygon POINTS="529 999 529 1025 581 1014 640 1023 643 1023 645 1023 646 1023 648 1023 678 1012 713 1021 714 1021 716 1021 727 1021 879 1012 939 1017 969 1020 971 1020 990 1017 1026 1009 1267 1010 1271 991 1269 955 1226 944 1225 944 1223 944 1221 944 1220 944 1207 953 1193 942 1191 942 1190 942 1188 942 1187 942 1174 949 1150 937 1149 937 1147 937 1145 937 1104 957 1053 957 1038 941 1038 939 1036 939 1034 939 1003 939 1001 939 1000 939 998 939 969 957 968 958 819 958 784 942 782 942 717 942 716 942 714 942 713 942 713 944 705 950 695 942 694 942 692 942 690 942 689 942 687 942 662 960 619 944 618 944 570 944 568 944 567 944 527 960 529 999"/></Shape>
	    <String CONTENT="Libre ie ſuis, &amp; me ſens enlacer"
                    HPOS="527"
                    VPOS="937"
                    WIDTH="744"
                    HEIGHT="88"
                    WC="0.975672546774149"></String>
          </TextLine>

          
          
          <TextLine ID="line_11"
                    TAGREFS="LT1576"
                    BASELINE="530 1066 1331 1058" 
                    HPOS="529"
                    VPOS="1004"
                    WIDTH="802"
                    HEIGHT="86">
            <Shape><Polygon POINTS="530 1066 530 1079 603 1079 606 1079 654 1090 656 1090 657 1090 659 1090 659 1088 671 1079 781 1079 847 1088 849 1088 936 1086 938 1086 939 1086 955 1077 977 1085 979 1085 981 1085 982 1085 1017 1074 1025 1080 1025 1082 1026 1082 1028 1082 1030 1082 1103 1074 1114 1082 1115 1082 1117 1082 1118 1082 1169 1075 1177 1082 1177 1083 1179 1083 1180 1083 1182 1085 1310 1085 1310 1083 1312 1083 1313 1083 1331 1071 1331 1058 1328 1018 1286 1018 1274 1006 1274 1004 1272 1004 1271 1004 1269 1004 1267 1004 1229 1017 1168 1017 1152 1006 1150 1006 1149 1006 1147 1006 1084 1014 1009 1006 1007 1006 1006 1006 1004 1006 993 1014 944 1009 942 1009 941 1009 939 1009 925 1020 757 1009 755 1009 754 1009 710 1021 610 1021 576 1010 575 1010 573 1010 572 1010 529 1025 530 1066"/></Shape>
	    <String CONTENT="D’vn cable d’or qui le Soleil egalle."
                    HPOS="529"
                    VPOS="1004"
                    WIDTH="802"
                    HEIGHT="86"
                    WC="0.977786892169231"></String>
          </TextLine>

          
          
          <TextLine ID="line_12"
                    TAGREFS="LT1576"
                    BASELINE="488 1136 1356 1126" 
                    HPOS="486"
                    VPOS="1074"
                    WIDTH="870"
                    HEIGHT="88">
            <Shape><Polygon POINTS="488 1136 488 1162 576 1162 576 1161 578 1161 580 1161 580 1159 592 1148 632 1148 839 1158 852 1158 854 1158 858 1158 922 1145 982 1156 985 1156 987 1156 992 1156 1068 1143 1115 1143 1128 1153 1128 1155 1129 1155 1131 1155 1133 1155 1139 1155 1250 1142 1355 1151 1356 1126 1351 1088 1277 1088 1274 1086 1259 1074 1258 1074 1256 1074 1228 1074 1226 1074 1225 1074 1223 1074 1207 1086 1204 1090 1194 1086 1182 1082 1180 1082 1179 1082 1177 1082 1166 1086 1160 1088 1158 1086 1149 1077 1149 1075 1147 1075 1145 1075 1144 1075 1142 1075 1122 1085 1120 1086 1117 1085 1090 1075 1088 1075 1087 1075 1085 1075 1084 1075 1069 1085 1060 1091 1050 1085 1038 1077 1036 1077 1034 1077 1033 1077 966 1085 958 1085 955 1085 936 1077 935 1077 933 1077 901 1083 862 1094 814 1094 805 1083 800 1080 800 1079 798 1079 797 1079 773 1079 771 1079 770 1079 754 1083 713 1096 632 1096 606 1082 605 1082 603 1082 602 1082 597 1082 546 1093 486 1082 488 1136"/></Shape>
	    <String CONTENT="Ie glace au feu, &amp; bruſle dedans l&#x27;eau,"
                    HPOS="486"
                    VPOS="1074"
                    WIDTH="870"
                    HEIGHT="88"></String>
          </TextLine>

          
          
          <TextLine ID="line_13"
                    TAGREFS="LT1576"
                    BASELINE="537 1204 1434 1194" 
                    HPOS="535"
                    VPOS="1145"
                    WIDTH="899"
                    HEIGHT="84">
            <Shape><Polygon POINTS="537 1204 537 1218 624 1218 626 1218 638 1229 640 1229 641 1229 643 1229 645 1229 676 1221 809 1227 811 1227 863 1218 887 1215 904 1218 931 1226 933 1226 935 1226 936 1226 963 1218 985 1213 1033 1213 1042 1218 1050 1224 1052 1224 1053 1224 1055 1226 1098 1226 1098 1224 1099 1224 1101 1224 1107 1218 1115 1213 1431 1218 1434 1194 1431 1155 1351 1145 1350 1145 1307 1153 1285 1145 1283 1145 1282 1145 1280 1145 1278 1145 1266 1153 1252 1147 1250 1147 1248 1147 1164 1155 1133 1156 1109 1155 1060 1148 1058 1148 1057 1148 1055 1148 1049 1155 1044 1156 1026 1155 995 1150 993 1150 971 1155 949 1158 911 1155 873 1150 871 1150 870 1150 854 1155 833 1159 817 1155 809 1151 808 1151 738 1151 736 1151 735 1151 733 1151 733 1153 732 1155 725 1159 697 1155 689 1153 687 1153 686 1153 684 1153 684 1155 676 1161 535 1155 537 1204"/></Shape>
	    <String CONTENT="Ie riz en pleurs &amp; ronge mon cerueau,"
                    HPOS="535"
                    VPOS="1145"
                    WIDTH="899"
                    HEIGHT="84"
                    WC="0.982859651784639"></String>
          </TextLine>

          
          
          <TextLine ID="line_14"
                    TAGREFS="LT1576"
                    BASELINE="538 1265 1470 1262" 
                    HPOS="537"
                    VPOS="1208"
                    WIDTH="933"
                    HEIGHT="89">
            <Shape><Polygon POINTS="538 1265 538 1296 697 1297 698 1297 700 1297 705 1296 724 1286 817 1286 827 1294 830 1296 830 1297 832 1297 833 1297 835 1297 855 1294 885 1289 904 1294 917 1297 919 1297 920 1297 922 1297 923 1297 927 1294 938 1286 973 1294 993 1297 995 1297 1019 1292 1063 1284 1098 1292 1112 1296 1114 1296 1137 1292 1190 1284 1258 1291 1272 1292 1274 1292 1282 1291 1310 1284 1318 1291 1323 1294 1323 1296 1324 1296 1326 1296 1328 1296 1329 1296 1345 1291 1369 1284 1467 1289 1470 1262 1467 1223 1400 1208 1399 1208 1397 1208 1366 1221 1364 1221 1362 1221 1334 1208 1332 1208 1145 1208 1144 1208 1142 1208 1123 1218 1122 1218 1110 1218 1044 1213 1042 1213 1041 1213 1026 1216 1001 1224 952 1224 938 1216 928 1212 927 1212 925 1212 923 1212 914 1215 895 1223 882 1215 876 1210 874 1210 873 1210 871 1210 870 1210 860 1215 843 1223 781 1215 779 1215 778 1215 776 1215 762 1224 614 1224 603 1213 602 1213 600 1213 537 1212 538 1265"/></Shape>
	    <String CONTENT="Chantant touſiours comme fait la cigalle."
                    HPOS="537"
                    VPOS="1208"
                    WIDTH="933"
                    HEIGHT="89"
                    WC="0.991686668337845"></String>
          </TextLine>

          
          
          <TextLine ID="line_15"
                    TAGREFS="LT1576"
                    BASELINE="505 1406 1483 1397" 
                    HPOS="503"
                    VPOS="1338"
                    WIDTH="980"
                    HEIGHT="99">
            <Shape><Polygon POINTS="505 1406 505 1427 515 1435 516 1435 518 1435 519 1437 643 1437 643 1435 645 1435 668 1422 670 1422 714 1422 727 1432 729 1432 730 1432 732 1432 773 1424 782 1432 782 1433 784 1433 786 1433 787 1433 789 1433 828 1421 832 1421 835 1421 900 1432 901 1432 987 1419 993 1419 998 1419 1055 1430 1057 1430 1058 1430 1060 1430 1060 1429 1071 1419 1076 1419 1223 1429 1225 1429 1226 1429 1252 1418 1253 1418 1256 1418 1317 1426 1318 1426 1320 1426 1345 1416 1347 1416 1348 1416 1361 1427 1362 1427 1364 1427 1366 1429 1467 1429 1467 1427 1469 1427 1470 1427 1483 1418 1483 1397 1480 1338 1391 1338 1389 1338 1388 1338 1386 1338 1385 1340 1359 1357 1318 1359 1179 1359 1126 1346 1106 1342 1104 1342 1103 1342 1091 1346 1068 1357 1058 1348 1052 1343 1052 1342 1050 1342 1049 1342 1022 1342 1020 1342 1019 1342 1001 1348 973 1361 882 1351 844 1348 843 1348 841 1348 830 1353 806 1364 676 1364 667 1356 652 1346 651 1346 649 1346 648 1346 511 1348 510 1348 508 1348 508 1349 503 1353 505 1406"/></Shape>
	    <String CONTENT="Qu&#x27;eſperez vous mon Phenix pour me faire"
                    HPOS="503"
                    VPOS="1338"
                    WIDTH="980"
                    HEIGHT="99"
                    WC="0.977136366069317"></String>
          </TextLine>

          
          
          <TextLine ID="line_16"
                    TAGREFS="LT1576"
                    BASELINE="542 1473 1439 1467" 
                    HPOS="540"
                    VPOS="1416"
                    WIDTH="899"
                    HEIGHT="81">
            <Shape><Polygon POINTS="542 1473 543 1497 584 1487 657 1487 670 1497 671 1497 673 1497 675 1497 681 1497 736 1487 773 1495 774 1495 776 1495 778 1495 841 1487 949 1495 968 1495 969 1495 971 1495 973 1495 990 1484 1026 1494 1028 1494 1030 1494 1031 1494 1058 1484 1093 1494 1095 1494 1096 1494 1098 1494 1110 1494 1277 1483 1437 1490 1439 1467 1437 1426 1410 1416 1408 1416 1253 1416 1252 1416 1250 1416 1248 1416 1237 1426 1213 1416 1212 1416 1210 1416 1209 1416 1175 1424 1103 1418 1101 1418 1099 1418 1098 1418 1098 1419 1087 1429 1057 1421 1055 1421 1053 1421 985 1430 979 1430 976 1430 933 1419 931 1419 930 1419 928 1419 927 1419 927 1421 916 1430 912 1430 786 1424 784 1424 782 1424 757 1432 757 1433 730 1433 591 1433 568 1424 567 1424 565 1424 564 1424 540 1433 542 1473"/></Shape>
	    <String CONTENT="Ore vn ioyeux, ore vn triſte trait d’oeil,"
                    HPOS="540"
                    VPOS="1416"
                    WIDTH="899"
                    HEIGHT="81"
                    WC="0.992160002390544"></String>
          </TextLine>

          
          
          <TextLine ID="line_17"
                    TAGREFS="LT1576"
                    BASELINE="535 1543 1393 1535" 
                    HPOS="534"
                    VPOS="1481"
                    WIDTH="859"
                    HEIGHT="82">
            <Shape><Polygon POINTS="535 1543 535 1559 727 1563 729 1563 730 1563 732 1563 736 1559 743 1555 771 1559 801 1563 803 1563 858 1559 933 1554 952 1559 960 1562 961 1562 963 1562 976 1559 1000 1554 1019 1559 1026 1562 1028 1562 1030 1562 1031 1562 1033 1562 1036 1559 1050 1552 1133 1552 1180 1559 1190 1560 1191 1560 1206 1559 1297 1551 1389 1559 1393 1535 1388 1481 1312 1489 1272 1484 1252 1481 1250 1481 1234 1484 1188 1497 1152 1497 1136 1487 1126 1483 1125 1483 1123 1483 1122 1483 1120 1483 1114 1487 1103 1497 1047 1497 1006 1490 973 1486 971 1486 969 1486 944 1492 925 1497 916 1494 893 1484 892 1484 890 1484 889 1484 887 1484 874 1494 866 1498 833 1495 741 1486 740 1486 738 1486 736 1486 719 1498 622 1500 606 1487 605 1487 603 1487 556 1487 554 1487 553 1487 551 1487 534 1498 535 1543"/></Shape>
	    <String CONTENT="Si par celà ma douleur &amp; mon deuil,"
                    HPOS="534"
                    VPOS="1481"
                    WIDTH="859"
                    HEIGHT="82"
                    WC="0.974116269085142"></String>
          </TextLine>

          
          
          <TextLine ID="line_18"
                    TAGREFS="LT1576"
                    BASELINE="535 1609 1484 1601" 
                    HPOS="534"
                    VPOS="1549"
                    WIDTH="950"
                    HEIGHT="84">
            <Shape><Polygon POINTS="535 1609 535 1624 687 1624 721 1633 722 1633 724 1633 887 1631 944 1620 1042 1620 1065 1630 1066 1630 1068 1630 1123 1619 1407 1627 1408 1627 1410 1627 1412 1627 1426 1616 1484 1614 1484 1601 1481 1552 1434 1549 1432 1549 1431 1549 1429 1549 1426 1552 1418 1559 1389 1552 1367 1549 1366 1549 1364 1549 1362 1549 1358 1554 1345 1563 1220 1563 1199 1555 1185 1551 1183 1551 1104 1551 1103 1551 1101 1551 1084 1557 1076 1560 1066 1557 1047 1552 1045 1552 1044 1552 1017 1559 988 1565 923 1560 846 1554 844 1554 843 1554 841 1554 833 1562 825 1567 803 1562 779 1557 778 1557 776 1557 774 1557 774 1559 770 1562 765 1568 721 1570 629 1570 614 1565 580 1555 578 1555 576 1555 534 1565 535 1609"/></Shape>
	    <String CONTENT="Et mon grand feu ne s’eſtaint ou modere?"
                    HPOS="534"
                    VPOS="1549"
                    WIDTH="950"
                    HEIGHT="84"
                    WC="0.98660105317831"></String>
          </TextLine>

          
          
          <TextLine ID="line_19"
                    TAGREFS="LT1576"
                    BASELINE="492 1679 1372 1670" 
                    HPOS="491"
                    VPOS="1617"
                    WIDTH="881"
                    HEIGHT="91">
            <Shape><Polygon POINTS="492 1679 492 1708 529 1708 529 1706 530 1706 532 1706 553 1693 580 1693 594 1704 595 1704 597 1704 599 1704 600 1704 638 1692 733 1692 746 1703 746 1704 748 1704 749 1704 751 1704 752 1704 755 1704 798 1690 839 1703 841 1703 843 1704 898 1704 898 1703 900 1703 901 1703 930 1689 955 1701 957 1701 958 1701 961 1701 1099 1687 1150 1700 1152 1700 1153 1700 1155 1700 1156 1700 1158 1700 1188 1687 1217 1698 1218 1698 1220 1700 1315 1700 1315 1698 1317 1698 1318 1698 1318 1696 1326 1690 1369 1696 1372 1670 1367 1630 1297 1630 1296 1630 1269 1619 1267 1619 1266 1619 1264 1619 1244 1627 1228 1617 1226 1617 1225 1617 1223 1617 1221 1617 1220 1617 1220 1619 1209 1630 1207 1631 1188 1630 1115 1625 1114 1625 1080 1631 1071 1633 1069 1631 1061 1625 1061 1624 1060 1624 1058 1624 1057 1624 1055 1624 1022 1631 1015 1633 1014 1631 1000 1620 998 1620 996 1620 995 1620 993 1620 971 1631 968 1633 966 1631 939 1620 938 1620 936 1620 865 1633 852 1635 843 1633 792 1622 790 1622 736 1624 735 1624 733 1624 733 1625 722 1635 721 1636 717 1635 697 1624 695 1624 694 1624 641 1635 632 1636 626 1635 613 1630 611 1630 610 1630 608 1630 592 1635 583 1638 578 1635 564 1625 562 1625 561 1625 499 1625 497 1625 496 1625 494 1625 494 1627 491 1628 492 1679"/></Shape>
	    <String CONTENT="L’immortel feu qui dedans moy repaire"
                    HPOS="491"
                    VPOS="1617"
                    WIDTH="881"
                    HEIGHT="91"
                    WC="0.998997438598323"></String>
          </TextLine>

          
          
          <TextLine ID="line_20"
                    TAGREFS="LT1576"
                    BASELINE="537 1744 1497 1738" 
                    HPOS="535"
                    VPOS="1684"
                    WIDTH="962"
                    HEIGHT="85">
            <Shape><Polygon POINTS="537 1744 537 1769 595 1758 622 1769 624 1769 626 1769 627 1769 629 1769 630 1769 630 1768 643 1758 803 1766 839 1768 841 1769 916 1769 916 1768 917 1768 919 1768 922 1765 930 1758 977 1765 1011 1768 1012 1768 1014 1768 1015 1768 1015 1766 1019 1763 1028 1755 1057 1755 1066 1763 1069 1765 1069 1766 1071 1766 1072 1766 1074 1766 1076 1766 1088 1763 1115 1755 1209 1755 1221 1761 1231 1766 1233 1766 1234 1766 1236 1766 1258 1760 1280 1755 1307 1760 1320 1761 1321 1761 1332 1760 1359 1753 1369 1758 1372 1761 1374 1761 1375 1761 1377 1761 1378 1761 1380 1761 1383 1758 1389 1753 1397 1758 1404 1763 1405 1763 1407 1763 1408 1763 1410 1763 1426 1758 1442 1753 1446 1758 1453 1763 1453 1765 1454 1765 1456 1765 1458 1765 1497 1757 1497 1738 1494 1684 1437 1684 1435 1684 1434 1684 1432 1684 1432 1685 1421 1695 1367 1685 1366 1685 1256 1696 1225 1685 1221 1685 1220 1685 1218 1685 1217 1685 1215 1685 1215 1687 1198 1696 1158 1687 1149 1685 1147 1685 1134 1687 1080 1696 1019 1689 1003 1687 1001 1687 1000 1687 998 1687 996 1689 982 1700 855 1700 844 1690 839 1687 838 1687 836 1687 835 1687 816 1690 776 1701 706 1701 694 1692 689 1689 687 1689 686 1689 684 1689 535 1693 537 1744"/></Shape>
	    <String CONTENT="Sort de mon cueur, &amp; vostre doux acueil,"
                    HPOS="535"
                    VPOS="1684"
                    WIDTH="962"
                    HEIGHT="85"
                    WC="0.982979111373425"></String>
          </TextLine>

          
          
          <TextLine ID="line_21"
                    TAGREFS="LT1576"
                    BASELINE="534 1812 1432 1804" 
                    HPOS="532"
                    VPOS="1753"
                    WIDTH="900"
                    HEIGHT="77">
            <Shape><Polygon POINTS="534 1812 534 1828 1229 1830 1231 1830 1233 1830 1250 1820 1253 1818 1267 1820 1337 1828 1339 1828 1431 1817 1432 1804 1429 1753 1396 1753 1394 1753 1393 1753 1391 1753 1391 1755 1380 1765 1252 1757 1213 1755 1212 1755 1210 1755 1201 1758 1174 1768 1125 1768 1115 1760 1112 1757 1110 1757 1109 1757 1107 1757 1088 1760 1053 1768 984 1763 893 1757 892 1757 890 1757 868 1766 857 1769 830 1766 763 1758 762 1758 760 1758 730 1769 729 1769 714 1758 713 1758 711 1758 710 1758 708 1758 681 1768 643 1760 641 1760 640 1760 638 1760 638 1761 627 1771 613 1763 611 1763 610 1763 532 1772 534 1812"/></Shape>
	    <String CONTENT="Ou la froideur d’aucun mauuais recueil"
                    HPOS="532"
                    VPOS="1753"
                    WIDTH="900"
                    HEIGHT="77"
                    WC="0.990885041261974"></String>
          </TextLine>

          
          
          <TextLine ID="line_22"
                    TAGREFS="LT1576"
                    BASELINE="535 1882 1453 1874" 
                    HPOS="534"
                    VPOS="1818"
                    WIDTH="919"
                    HEIGHT="89">
            <Shape><Polygon POINTS="535 1882 535 1904 652 1896 670 1904 676 1907 678 1907 679 1907 828 1906 830 1906 832 1906 832 1904 833 1904 841 1893 900 1893 1003 1902 1019 1904 1020 1904 1022 1904 1023 1904 1023 1902 1025 1902 1033 1893 1058 1901 1060 1901 1061 1901 1063 1901 1085 1891 1190 1891 1202 1901 1202 1902 1204 1902 1206 1902 1207 1902 1209 1902 1210 1902 1245 1891 1337 1901 1339 1901 1340 1901 1342 1901 1342 1899 1350 1891 1372 1901 1374 1901 1375 1901 1377 1901 1402 1890 1451 1901 1453 1874 1450 1831 1272 1818 1271 1818 1269 1818 1267 1818 1248 1831 1247 1831 1218 1823 1217 1823 1215 1823 1158 1831 1156 1831 1131 1820 1129 1820 1128 1820 1060 1831 1052 1833 1049 1831 1030 1822 1028 1822 965 1822 963 1822 961 1822 960 1822 960 1823 950 1833 949 1833 946 1833 908 1823 906 1823 904 1823 903 1823 903 1825 901 1825 895 1833 893 1834 890 1833 871 1825 870 1825 868 1825 866 1825 847 1833 841 1836 716 1836 714 1833 706 1826 706 1825 705 1825 703 1825 702 1825 700 1825 678 1833 673 1834 664 1833 613 1825 611 1825 534 1833 535 1882"/></Shape>
	    <String CONTENT="N’ont le pouoir de l&#x27;eſteindre &amp; deffaire."
                    HPOS="534"
                    VPOS="1818"
                    WIDTH="919"
                    HEIGHT="89"
                    WC="0.968462228775024"></String>
          </TextLine>

          
          
          <TextLine ID="line_23"
                    TAGREFS="LT1576"
                    BASELINE="499 1948 1372 1940" 
                    HPOS="497"
                    VPOS="1890"
                    WIDTH="875"
                    HEIGHT="84">
            <Shape><Polygon POINTS="499 1948 499 1974 545 1967 591 1974 594 1974 595 1974 597 1974 599 1974 611 1964 664 1971 665 1971 667 1971 668 1971 668 1969 676 1963 858 1967 950 1971 952 1971 954 1971 969 1966 985 1961 1031 1964 1090 1969 1091 1969 1093 1969 1120 1963 1128 1961 1139 1963 1191 1969 1193 1969 1194 1969 1196 1969 1196 1967 1198 1967 1202 1961 1204 1959 1218 1961 1301 1967 1302 1967 1304 1967 1305 1967 1318 1958 1320 1958 1370 1958 1372 1940 1367 1891 1302 1902 1280 1891 1277 1890 1275 1890 1274 1890 1161 1891 1160 1891 1158 1891 1142 1906 1120 1906 1069 1893 1063 1891 1061 1891 1060 1891 1055 1893 1003 1906 881 1893 871 1893 870 1893 868 1893 866 1893 841 1909 781 1909 765 1894 763 1894 762 1894 760 1894 759 1894 744 1902 735 1894 733 1894 732 1894 730 1894 729 1894 690 1907 675 1894 673 1894 671 1894 670 1894 668 1894 667 1894 648 1909 627 1899 626 1899 624 1899 622 1899 621 1899 610 1910 564 1910 545 1896 543 1896 542 1896 497 1896 499 1948"/></Shape>
	    <String CONTENT="Regardez donc ſi iamais homme ayma"
                    HPOS="497"
                    VPOS="1890"
                    WIDTH="875"
                    HEIGHT="84"
                    WC="0.992718375781003"></String>
          </TextLine>

          
          
          <TextLine ID="line_24"
                    TAGREFS="LT1576"
                    BASELINE="540 2016 1435 2010" 
                    HPOS="538"
                    VPOS="1956"
                    WIDTH="897"
                    HEIGHT="86">
            <Shape><Polygon POINTS="540 2016 540 2039 583 2040 584 2040 586 2040 587 2040 589 2039 603 2031 632 2039 641 2040 643 2040 645 2040 646 2040 648 2040 651 2037 662 2032 668 2037 670 2039 670 2040 671 2040 673 2040 675 2042 762 2042 762 2040 763 2040 774 2036 790 2029 813 2036 827 2039 828 2039 830 2040 968 2040 968 2039 969 2039 971 2039 981 2032 987 2029 1009 2032 1041 2036 1042 2036 1044 2036 1055 2031 1065 2028 1239 2028 1244 2028 1271 2036 1272 2036 1274 2036 1275 2036 1277 2036 1277 2034 1285 2028 1286 2026 1305 2028 1405 2034 1407 2034 1408 2034 1435 2024 1435 2010 1434 1971 1410 1956 1408 1956 1407 1956 1405 1956 1404 1956 1375 1971 1324 1971 1305 1956 1304 1956 1302 1956 1263 1956 1261 1956 1259 1956 1258 1956 1258 1958 1245 1967 1199 1963 1198 1963 1134 1974 1104 1974 1085 1958 1084 1958 1082 1958 1080 1958 1000 1966 988 1958 987 1958 985 1958 984 1958 982 1958 944 1967 931 1961 930 1961 928 1961 927 1961 900 1975 706 1975 645 1961 643 1961 641 1961 613 1975 570 1969 568 1969 567 1969 538 1977 540 2016"/></Shape>
	    <String CONTENT="Ainſi que moy, que l&#x27;archer transforma"
                    HPOS="538"
                    VPOS="1956"
                    WIDTH="897"
                    HEIGHT="86"
                    WC="0.987012885118786"></String>
          </TextLine>

          
          
          <TextLine ID="line_25"
                    TAGREFS="LT1576"
                    BASELINE="529 2081 1480 2075" 
                    HPOS="527"
                    VPOS="2024"
                    WIDTH="953"
                    HEIGHT="86">
            <Shape><Polygon POINTS="529 2081 529 2099 733 2110 735 2110 797 2102 827 2097 833 2102 836 2105 838 2105 839 2105 941 2108 942 2108 944 2108 958 2102 973 2097 1041 2104 1088 2107 1090 2107 1109 2104 1149 2096 1204 2104 1226 2107 1228 2107 1247 2104 1312 2094 1358 2105 1361 2105 1362 2105 1364 2105 1366 2105 1381 2094 1413 2094 1477 2105 1480 2075 1477 2024 1366 2024 1364 2024 1362 2024 1358 2026 1332 2039 1313 2028 1309 2024 1307 2024 1305 2024 1274 2024 1272 2024 1271 2024 1258 2029 1229 2040 1191 2032 1190 2032 1088 2040 1072 2034 1069 2032 1068 2032 1066 2032 1055 2034 1023 2040 1011 2036 993 2028 992 2028 990 2028 988 2028 987 2028 987 2029 979 2036 971 2043 889 2043 882 2039 876 2032 874 2032 873 2032 871 2032 795 2040 763 2043 749 2042 714 2036 713 2036 711 2036 681 2043 679 2043 678 2043 652 2029 651 2029 649 2029 648 2029 606 2043 553 2029 551 2029 549 2029 548 2029 546 2029 527 2042 529 2081"/></Shape>
	    <String CONTENT="Des le moment que i’euz veu vostre face."
                    HPOS="527"
                    VPOS="2024"
                    WIDTH="953"
                    HEIGHT="86"
                    WC="0.976384557783604"></String>
          </TextLine>

          
          
          <TextLine ID="line_26"
                    TAGREFS="LT1576"
                    BASELINE="489 2151 1464 2145" 
                    HPOS="488"
                    VPOS="2093"
                    WIDTH="976"
                    HEIGHT="88">
            <Shape><Polygon POINTS="489 2151 489 2181 535 2181 535 2180 537 2180 538 2180 551 2169 561 2177 562 2177 564 2177 565 2177 668 2169 738 2175 767 2178 768 2178 770 2178 771 2178 771 2177 774 2175 784 2167 809 2173 819 2177 820 2177 822 2177 847 2173 893 2167 912 2172 935 2178 936 2178 938 2178 968 2172 992 2165 1012 2170 1038 2177 1039 2177 1041 2177 1042 2177 1066 2169 1079 2165 1114 2169 1206 2177 1207 2177 1266 2165 1274 2164 1277 2165 1301 2175 1302 2175 1304 2177 1340 2177 1340 2175 1342 2175 1343 2175 1358 2164 1418 2175 1420 2175 1421 2175 1464 2161 1464 2145 1459 2100 1420 2105 1412 2099 1407 2096 1407 2094 1405 2094 1404 2094 1402 2094 1400 2094 1399 2094 1393 2099 1386 2104 1378 2099 1374 2097 1372 2097 1370 2097 1355 2099 1321 2105 1315 2099 1309 2094 1309 2093 1307 2093 1305 2093 1269 2093 1267 2093 1266 2093 1245 2099 1225 2105 1196 2099 1172 2094 1171 2094 1169 2094 1160 2099 1144 2108 1091 2108 1038 2099 1009 2094 1007 2094 1006 2094 1004 2094 1000 2099 987 2107 950 2099 949 2099 893 2108 868 2097 862 2096 860 2096 858 2096 857 2096 855 2096 852 2097 833 2110 713 2110 670 2097 668 2097 667 2097 665 2097 629 2108 613 2097 611 2097 610 2097 608 2097 606 2097 605 2097 589 2110 573 2099 572 2099 570 2099 488 2097 489 2151"/></Shape>
	    <String CONTENT="D’autant qu’en loz, en honneur, &amp; beauté"
                    HPOS="488"
                    VPOS="2093"
                    WIDTH="976"
                    HEIGHT="88"
                    WC="0.976233608838988"></String>
          </TextLine>

          
          
          <TextLine ID="line_27"
                    TAGREFS="LT1576"
                    BASELINE="540 2218 1299 2213" 
                    HPOS="538"
                    VPOS="2173"
                    WIDTH="761"
                    HEIGHT="68">
            <Shape><Polygon POINTS="540 2218 540 2232 568 2241 570 2241 572 2241 573 2241 605 2232 606 2232 608 2232 629 2241 630 2241 632 2241 633 2241 656 2232 657 2232 673 2232 1042 2241 1044 2241 1093 2230 1155 2240 1156 2240 1206 2229 1234 2240 1236 2240 1237 2240 1297 2227 1299 2213 1296 2173 538 2173 540 2218"/></Shape>
	    <String CONTENT="Vous excellez, en ferme loyauté"
                    HPOS="538"
                    VPOS="2173"
                    WIDTH="761"
                    HEIGHT="68"
                    WC="0.989802470430732"></String>
          </TextLine>

          
          
          <TextLine ID="line_28"
                    TAGREFS="LT1576"
                    BASELINE="534 2287 1348 2281" 
                    HPOS="532"
                    VPOS="2230"
                    WIDTH="816"
                    HEIGHT="105">
            <Shape><Polygon POINTS="534 2287 534 2335 681 2318 733 2327 735 2327 795 2316 827 2332 835 2335 836 2335 838 2335 839 2335 849 2330 855 2327 862 2330 873 2335 874 2335 876 2335 878 2335 895 2330 941 2314 1126 2314 1153 2324 1175 2332 1177 2332 1179 2333 1301 2333 1301 2332 1302 2332 1304 2332 1304 2330 1315 2321 1318 2319 1347 2319 1348 2281 1347 2241 1328 2230 1326 2230 1324 2230 1323 2230 1206 2241 1155 2230 1153 2230 1152 2230 1150 2230 1150 2232 1136 2245 1103 2245 1085 2232 1084 2232 1082 2232 1080 2232 938 2245 923 2234 922 2234 920 2234 919 2234 825 2245 809 2234 808 2234 806 2234 763 2234 762 2234 760 2234 732 2246 727 2246 556 2235 554 2235 553 2235 532 2245 534 2287"/></Shape>
	    <String CONTENT="Mon amytiè toutes autres ſurpaſſe."
                    HPOS="532"
                    VPOS="2230"
                    WIDTH="816"
                    HEIGHT="105"></String>
          </TextLine>

          
        </TextBlock>
        
        <TextBlock HPOS="1426.0"
                   VPOS="2303.0"
                   WIDTH="183.0"
                   HEIGHT="72.0"
                   ID="block_2"
                   TAGREFS="BT4945">
          <Shape><Polygon POINTS="1426 2303 1609 2303 1609 2375 1426 2375 1426 2303"/></Shape>
          
          
          <TextLine ID="line_29"
                    TAGREFS="LT1576"
                    BASELINE="1432 2351 1602 2348" 
                    HPOS="1431"
                    VPOS="2303"
                    WIDTH="171"
                    HEIGHT="80">
            <Shape><Polygon POINTS="1432 2351 1432 2383 1602 2375 1602 2348 1599 2306 1431 2303 1432 2351"/></Shape>
	    <String CONTENT="Diuine"
                    HPOS="1431"
                    VPOS="2303"
                    WIDTH="171"
                    HEIGHT="80"
                    WC="0.999800016482671"></String>
          </TextLine>

          
        </TextBlock>
        

        
      </PrintSpace>
    </Page>
  </Layout>
</alto>
