1768 2828
320 204 597 72 DOL. DE MAGNY.

1254 202 33 99 4

130 279 954 96 Diuine ardeur, flamme amoureuſe & belle,

169 355 1055 86 Qui des beaux yeux de ma Dame en mon cueur

163 427 926 83 Auec ſes mains l'Archerot nu vainqueur,

165 494 836 81 Alume prompt d’vne ſorte nouuelle.

128 567 877 80 Combien Amour & ſa mere immortelle

166 634 809 82 Ie doy louer, ayant de ceſte ardeur

163 699 772 86 Fauoriſé de mon ſort la froideur.

161 765 830 92 Au ſeul plaiſir d’vne maiſtreſſe telle.

121 842 845 80 Iamais ne ſoit que ceſte aſpre chaleur.

163 909 911 83 N’ayt dedans moy lieu, repos, & valeur

163 978 886 84 Iamais ne ſoit que ie n’arde & englace,

121 1041 903 90 Puis qu’en bruſlant ie ſuis fait immortel,

168 1113 701 84 Et en glaſſant ie ſuis encore tel

166 1183 937 88 Pour auoir mis mon Ame en haulte place.

122 1310 750 88 Sera il vray que ie doiue chercher

161 1387 896 86 Cil qui me fuyt, & dédaigneux ſe cache,

166 1456 872 82 Et le voyant (ce me ſemble) ne taſche

161 1523 953 85 Que de mon ſein l'ame & cueur arracher?

124 1593 746 86 Sera il vray que du ſeul aprocher

163 1660 849 88 De moy craintif vn eſpoir il m’atache

160 1728 864 88 Dans l'eſthomac, d’ou apres il l'arrache

168 1794 1087 92 Quand ſes beaux yeux des miens vient à cacher?

125 1863 723 91 Sera il vray qu’ainſi ie le ſuplie,

161 1934 890 88 Sans l'adoucir, & ſans voir qu’il ſe plye

161 2003 912 86 Non plus qu’vn Roc priué de ſentiment?

124 2073 910 85 Si ie n’en ay o Dieux vengence prompte,

158 2142 800 84 Ie publiray qu’en voſtre firmament,

160 2208 886 93 De la Iuſtice on ne fait plus de compte.

660 2281 150 103 B iiij

955 2295 135 66 Lors
