1840 2840
755 208 441 69 LES AMOVRS

479 282 852 87 Lors que vaincu de l'ire en ſa deffence

523 356 909 81 L’homme habandonne & laiße la raiſon,

530 424 752 82 Et que l'erreur tire à ſoy l'oraiſon,

523 492 900 87 La langue & main qui les amys offenſe,

487 556 816 87 Si bien depuis il blaſme l'inconſtance

528 624 855 87 Du ſort auteur de tant aſpre achoiſon,

530 695 839 82 Rien ne luy vault de ſes cris la foiſon

534 765 769 77 Pour reparer ceſte aigre violence:

487 831 866 82 Las ie me deulx! & toutesfois en vain,

538 897 778 82 D’auoir eſcrit de mon indocte main

542 968 882 78 Tant de depit, de courroux & de blame

486 1033 945 80 L’arc deſbandé, la fleche prend ſon cours.

536 1101 819 82 Penſant celà deſpourueu de ſecours,

544 1169 756 85 Voſtre pitié ſeulement ie reclame.

500 1296 722 90 S’esbait on de ce qu’ainſi i’adore

539 1367 841 87 Ceſte beauté, qu'on cuyde voir fletrie,

538 1440 726 79 Puis que l'obiet de mon idolatrie

539 1503 791 84 De ſon parfait noſtre fiecle redore?

501 1573 840 82 Ne me blaſmez ſi par vers ie l'honore:

555 1640 704 79 Car ſi elle a ma liberté meurtrie

547 1704 765 86 Elle eſt außi l'honneur de ſa patrie

539 1773 837 79 Et ſeule en tout qui ce monde decore.

503 1842 817 89 Dez que le ſort voulut que ie la viſſe,

546 1913 755 82 Ardant ie fus de luy faire ſeruice,

549 1981 760 81 Et netoyé de tous vilz penſemens.

508 2051 871 83 Fortuné donc mon cueur qui la reclame,

550 2115 775 84 Et le deſir, & l'erreur de mon Ame

557 2180 885 103 Qui tient ſerrez tous mes embraſemens.

1325 2256 164 96 De l'vn
