1804 2840
342 219 616 80 D'OL. DE MAGNY.

1254 234 52 76 5

123 296 871 85 De l'vn des bras i’encheſnoy nu ce flanc

164 370 797 87 Semé de lys & de roſes vermeilles,

168 443 827 79 Et de la main ces pomettes pareilles

165 506 849 85 Qui font brunir l'yuoire le plus blanc:

127 580 895 84 Chaſte, & craintif ie baiſois à leur rang

167 646 893 86 Or' ceſte bouche odorante à merueilles,

167 716 887 85 Or' ce beau front, ore ces deux oreilles

162 784 960 86 Puis ces doux feux qui me glacent le ſang.

126 853 980 88 Deſia mon cueur, mes Eſpritz & mon Ame,

168 926 835 82 Enuelopez dans l'acueil de ma Dame,

173 992 1015 82 Voloient aux cieux, contens ie ſçay combien,

129 1065 1064 83 Quand vn malheur promptement vint à naiſtre

175 1131 779 82 Qui culbuta les aiz d’vne feneſtre

165 1200 939 87 De mon grand tout faiſant vn petit rien.

126 1333 843 90 Songe fuyard, vainement nompareil,

175 1408 918 83 En vn inſtant me donnant peine & ioye,

176 1478 955 80 Tout mon eſpoir par toy court, & ondoye,

172 1543 905 85 Et tont mon heur tu fais neige au Soleil.

130 1610 764 86 Qui me cauſa ce tant triſte reueil?

173 1681 868 84 Qui me rauit ma bien heureuſe proye?

175 1749 904 87 Et quel regret maintenant me guerroye,

168 1823 778 70 Sans y trouuer remede, ne conſeil?

134 1885 831 85 Heureux celuy qui ſa maiſtreſſe baiſe

165 1958 791 82 Entre ſes bras, la tenant à ſon aiſe

175 2021 975 91 Par ſi long temps, ſongeant profondement.

132 2096 886 81 Moy malheureux en ma ioye plus forte,

175 2161 891 84 Puis que le bien qui plus me reconforte

183 2229 885 98 Eſt vif, & mort, en vn meſme moment.

931 2314 134 82 Souz
