1840 2852
798 236 442 79 LES AMOVRS

494 318 913 93 Souz autre Ciel, par eau plus fauorable,

542 388 868 90 Me fault voguer, ou me retraire à riue,

542 459 827 90 Puis que ma nef que la Fortune priue

540 522 830 89 De vent proſpere eſt ainſi miſerable.

503 592 766 89 Si douce ouys la chanſon agreable,

546 655 910 89 D'vne Sirene en forme humaine & viue

549 722 818 92 Que m’oubliant en douceur ſi naïue,

543 796 872 86 Ie vis ma barque en danger incroyable.

502 861 776 91 Face le Ciel qu’eſtoile plus benigne

546 925 845 95 L’errant eſpoir deſmaintenant deſtine

549 996 845 87 Au port heureux au haure plus licite:

500 1061 1005 92 Et ce grand Dieu, donneur de tant de graces,

551 1131 884 89 Par autre mer, par de meilleures traſſes

553 1196 781 96 Conduyſe à port ma naſſelle petite.

507 1330 941 91 L’Architecteur du grand Palais des Cieux

559 1402 880 87 Voulant remplir de merueille le monde,

557 1468 863 91 Orna ce corps d’vne perruque blonde,

564 1535 868 92 Qui le ſoleil rend trouble, & ſoucieux:

510 1612 927 81 Puis d’vne ſlamme eclairante en ces yeux,

564 1668 887 92 L’alme ſouſtien ou mon erreur ie fonde,

557 1739 802 94 Puis d’vn Eſprit, enrichi de faconde

557 1809 807 89 Et du treſor le plus priſé des Dieux.

513 1875 941 91 O beaux cheueux qui captiuez mon Ame,

561 1942 884 92 O viue ardeur qui ma poitrine enflame,

557 2012 799 92 O rare Eſprit qui m'as rauy le mien,

516 2077 892 95 Heureux celuy qui voz beautez admire

564 2142 878 96 Et plus heureux qui pour elles ſouſpire

559 2208 964 111 Puis qu'en vous giſt le comble de tout bien.

1407 2284 146 97 Entre
