1816 2840
375 227 594 74 D'OL. DE MAGNY.

1247 229 41 76 6

121 306 813 83 Entre les flots de la mer vagabonde

164 377 777 85 N’a d’animaux ſi froide quantité.

164 444 781 86 Ne d’aſtres clers ſi chaulde infinité

159 517 870 82 Luyſans au Ciel ſur ceſte maſſe ronde,

118 585 884 85 De tant deſpicz n’orne Ceres la blonde

162 656 706 79 Son doré chef au venir de l'eſté,

159 722 936 82 Et par tant d’yeux ne void le Ciel vousté

170 793 884 82 Ce qui ſe fait ſur la terre & ſur l'onde:

123 861 830 80 Tant d’abres ſecs Auril n’a reuestuz

165 927 948 84 Tant d’arbres verds n’a la foudre abatuz,

161 997 860 80 Et Mongibel ne vomit tant de flames,

124 1069 883 84 Quà de langueurs, de peines, & ſoucis,

162 1142 777 76 Et de regretz d’amertume noircis,

164 1208 870 82 Me fait ſentir la plus belle des Dames.

120 1336 873 91 Or ie ſuis ſeul & ne voy qui m’eſcoute

167 1412 954 83 Que ces rochers, ces antres, & fonteines,

161 1479 1056 86 Et ces coutaux, ſeuls teſmoings de mes peines,

162 1555 859 76 Auecques moy ſi de moy ie n’ay doute.

118 1620 974 82 Nul donc de vous mes complaintes reboute,

165 1694 853 77 Ains les oyez, & les tenez certaines,

164 1754 824 87 Mais plus encor inutiles, & vaines,

165 1820 1087 89 Quoy que mon cueur, & mon ame il m'en coute.

121 1891 692 90 Et toutesfois ſi par icy paſſoit,

164 1961 834 85 Le Baſilic, qui me tient en tourment,

162 2032 891 82 Reſonnez luy mes ſoupirs & clameurs,

121 2098 801 88 Car ſi par vous mon deul il effaçoit,

162 2171 787 78 Ie vous ferois viure eternellement,

167 2234 922 104 D'autant que ſain à ceſte heure ie meurs.

1086 2303 110 90 Elle
