1816 2852
795 229 445 79 LES AMOVRS

507 307 803 87 Elle est à vous la cheueleure blonde

556 378 824 84 Qui rend obſcur le plus riche metal,

553 446 882 83 Ce front außi de pourpre & de criſtal,

553 518 781 80 Et ceſte face à nulle autre ſeconde,

516 584 848 81 Voſtre eſt encor ceſte bouche feconde,

559 654 799 79 Et ce regard mon conducteur fatal,

564 719 794 84 Voſtre ce ris l'enchanteur principal

557 789 835 80 De mes eſpritz & volonté profonde.

511 855 866 82 A vous außi ſont ces blandiſſans yeux

578 926 724 73 Qui ont rauy du Soleil enuieux

556 991 867 86 Leurs raiz luyſans, angelique lumiere.

513 1061 704 82 Mile vertus, mile treſors verſez

559 1129 757 79 Du ciel icy ſont à vous diſperſez,

562 1196 880 88 Seule eſt à moy, ma peine couſtumiere.

516 1327 902 81 Si ie puis tant me deffendre au tourment,

564 1400 938 84 Et au trauail qui me ronge & chagrine,

570 1468 770 83 Qu’a l'auenir voſtre beauté diuine

568 1535 862 84 Ie puiſſe voir changer d’acouſtrement,

522 1601 785 84 Ces treſſes d’or außi leur ornement

570 1671 750 87 En fin argent, ceſte face benigne

567 1742 968 84 Perdre ſon teinct, & d’vne merque & ſigne

562 1809 750 74 De grauité ſe peindre ſeulement.

526 1877 849 76 Amour alors me donra tant d’audace,

573 1942 854 87 Que hardiment, & deuant voſtre face

573 2018 745 76 Ie conteray mes ennuys endurez.

524 2080 913 85 Et vous helas! voyant ma foy conſtante,

573 2150 762 80 Et l'aſpreté de ma peine euidante,

572 2219 809 92 De mes trauaux me recompenſerez.

1340 2294 100 66 Par
