1816 2840
361 195 625 84 D'Ol. DE MAGNY.

1247 224 55 71 7

86 295 787 69 Par la Vertu on dit communement

124 356 1072 93 Les hommes viure & preſque immortelz eſtre.

126 430 947 82 Mais ie puis bien le contraire cognoiſtre,

124 498 858 81 Las à mon dam & trop euidamment.

86 566 818 84 Car ma Vertu me fait inceſſamment

127 635 886 86 Mourir d’ennuy, & ne voy aparoiſtre

131 703 791 85 Indice aucun ſuffiſant à decroiſtre

127 774 1002 85 Mon mal ſi grand, ma triſteſſe & tourment

88 847 944 85 Puis que Vertu les hommes donc trauaille,

134 915 884 82 Et ſans ceſſer en dur camp de bataille

131 986 906 83 D'vn front hardy les guerroye & abat,

96 1055 1036 84 Doit on pourtant chercher remede aux vices?

140 1124 954 92 Non quant à moy, parce que mes ſeruices

134 1195 826 87 Alentiront (peult eſtre) ce combat.

96 1326 894 90 Ma dame vn iour daigna tant s’abaiſſer

148 1407 832 77 Parlant à moy de doucement me dire,

140 1472 766 72 Ie ne te veux Amy rien eſcondire

150 1544 788 82 Qui ſoit en moy, ie te pry le penſer.

102 1612 806 77 Et pour encor du tout recompenſer

145 1680 838 83 Mon triſte cueur de l'enduré martire,

146 1749 877 79 Sa blanche main hors du gand elle tire

146 1823 839 79 Et me la tend pour la mener danſer.

105 1888 948 85 Heureux, Amour, heureuſe encor ſa force

156 1954 987 87 Qui ſans marteau, ſans fer, & ſans amorce

151 2033 826 76 A deſpecé ce cueur de marbre blanc,

108 2098 891 82 Heureux außi les ſoupirs, & les larmes

161 2164 990 85 Que i’ay gettez, puis qu’elle rend les armes,

156 2238 870 92 Atainte au vif d’vne ſagette au flanc.

955 2311 144 91 Com¬
