1816 2852
811 220 440 76 LES AMOVRS

515 301 876 88 Comme en honneur, angelique faconde,

564 373 711 75 Graue vertu, & celeste beauté,

567 438 697 84 Vous ſurpaſſez d’vn vol inuſité

559 510 838 76 Entierement les pafraites du monde,

522 576 864 79 Voz obligez en qui bon cueur abonde,

562 644 856 81 Pour n’eſtre ingrat, ne veu, ne reputé,

564 711 849 79 (Du bien receu de vostre honnesteté)

557 774 794 87 Ie paſſe ainſi de volonté profonde.

510 852 919 76 Ces dons exquis que le Ciel & les Dieux

546 917 808 68 Ont mis en vous d’vn zele studieux

551 987 910 72 Maugré le temps vous feront immortelle,

507 1048 724 84 De moy außi l'ardante affection,

548 1120 759 81 Et les deſirs pour leur condition,

551 1191 908 82 Feront mon nom & ma gloire eternelle.

505 1315 807 91 Si ie ſuis loing de la chaſte preſence

545 1395 849 70 De ma Déeſſe, vn ennuyeux tourment

548 1464 838 79 Me ronge alors l'eſprit inceſſamment,

556 1532 862 76 Tant ie languis de voir ſon excellence.

499 1597 770 79 Si ie ſuis pres, ſa rare continence,

548 1666 870 78 Ces yeulx archers, ce vif entendement,

546 1733 905 82 Ce front, ce tout, cauſent à tout moment

538 1804 897 81 Au triste cueur trop piteuſe ocurrance.

495 1868 726 84 Deſia rompu de tant d’affliction,

548 1936 791 84 (Dont ie ſuis fait vn ſecond Ixion)

546 2007 842 84 I'euſſe paßé d’Acheron le noir fleuue:

495 2078 807 81 Sans vn eſpoir qui reuerdit en moy,

543 2143 731 83 Et me flatant arroze mon eſmoy

548 2218 846 92 De la douceur qu'en ta face ie treuue.

1423 2276 139 100 Ne le
