1828 2840
334 194 611 72 D'OL. DE MAGMY.

1228 217 43 83 8

104 274 759 84 Ne le cler tainct de ta diuine face,

142 350 786 69 Ne ta beautè qui les autres excelle,

138 422 952 76 Ne tes beaux yeux d’ou ſort vne eſtincelle

146 482 761 84 Qui de ſon feu les celestes efface.

104 555 819 82 Ne ta parfaite & tant gentile grace,

143 621 854 81 Ne ton parler comblé de douceur telle

153 694 936 79 Qui te rendra (maugré mort) immortelle,

143 757 832 83 N’ont fait du tout ma liberté ſi baße.

102 829 739 82 Le ſingulier de tes rares Eſpritz

156 896 841 83 M’a rendu tien, & de crainte ſurpris,

145 967 731 79 Et la grandeur de ta perfection,

105 1028 985 90 Eſclaue & ſerf, m’a fait d’heureuz & libre,

145 1106 870 75 Me contraignant t’idolatrer, & viure

145 1170 759 90 Au temple ſainct de l'admiration.

104 1306 854 91 Aueugle Amour ſi toute aygre poyſon

146 1378 894 83 Le plus ſouuent tu changes en douceur,

146 1449 839 83 Et du plus doux te monstres effaceur

143 1517 771 81 Le reduyſant en amere achoyſon:

107 1584 694 90 Ie n'auſerois en aucune ſaiſon

151 1656 892 79 De te cognoistre en rien me faire ſeur,

146 1722 911 87 Bien toutesfois qu’en ton ſort rauiſſeur

151 1793 835 84 I’ay deſpendu le mieux de ma raiſon.

121 1863 895 79 Fay pour le moins que ceste Dame belle

151 1932 837 78 Ne me ſoit tant ennemye, & rebelle,

154 2002 868 82 Paiſſant ſon cueur d’aluyne & de fiel,

115 2073 729 79 Et ie feray d’vn ordinaire office,

156 2141 830 77 Sur ton Autel tous les iours ſacrifice,

161 2207 877 96 Te reuerant plus qu'autre Dieu du ciel.

937 2278 188 82 Duquel
