1828 2852
795 209 449 74 LES AMOVRS

534 291 907 89 Duquel des cieux prindrent leur origine

580 358 999 91 Tes vifs eſpritz, & leur grandeur de gloire?

573 432 860 78 D’ou tes vertus, auec tes graces, voire

575 494 683 77 La rarité de ta beauté diuine?

524 560 791 86 D'heur immortel en florit la racine,

570 630 891 83 Au ſeul compas de mon ardeur notoire,

575 695 836 89 Qui ſans ceſſer augmente ſa memoire,

570 766 733 73 Se ralumant d’eternité condinne.

529 830 748 90 Floriſſe donc ta grand' perfection

567 906 775 76 Iuſques au but de toute extremité,

569 964 897 86 Se reſpandant ſur la terre & ſur l'onde:

527 1034 820 87 Car de ma part ma chaſte affection

570 1104 852 85 Haulſe ſon vol, d’vn cours non limité,

570 1180 934 85 Pour aparoir la plus grande en ce monde.

523 1302 832 89 Si vn vray cueur, vne foy amoureuſe

577 1376 748 78 Vne langueur d’honnorable deſir,

572 1441 864 89 Vn long erreur, lequel on peult choiſir

564 1513 826 77 Au labirinth d’vne triſteſſe heureuſe.

523 1581 759 84 Auoir au front la peine doloreuſe

567 1650 810 84 Protraite au vif, & ſe voir deſſaiſir

567 1719 813 84 De ſa couleur, & de tout ſon plaiſir

561 1785 869 79 Par la rigueur d’vne mort doucereuſe.

523 1852 867 85 Auoir autruy plus que ſoy meſme cher,

567 1918 839 87 Bruſler de loing, glaçant à l'aprocher,

567 1988 943 87 Ayant touſiours deux ruiſſeaux au viſage,

521 2056 893 87 Bref ſi le ſoing, & le trahiſtre tourmant

565 2119 999 94 M’afflige ainſi (ma Dame) en vous aymant,

564 2194 1030 100 La coulpe eſt voſtre, & mien eſt le dommage.

1430 2275 174 93 Quand
