1828 2840
426 241 606 74 D'OL. DE MAGNY.

157 326 1045 87 Lune au cler teinct, qui nous monſtres ta face,

208 402 917 76 Ore en cornu, ore en rond changement,

202 467 824 85 Obſcure nuict, dont le ſoulagement,

200 534 1100 97 Maintz durs trauaux de maintz hommes efface.

153 604 768 85 O Ciel, ò Air, ò vous celeſte race,

203 675 955 85 Chaſte troupeau, qui voſtre hebergement

197 747 884 78 Auez aux bois, voyez, oyez comment

200 812 1029 88 Ie pleure, & plains ma fortune & disgrace.

154 883 916 84 Et ſi iamais en voz cueurs & voz ames

200 949 818 87 Auez ſenty les aiguillons & flames,

197 1023 912 79 Du fier archer qui me contraint mourir,

156 1085 963 87 Triſtes plaignez le tourment que i’endure,

203 1156 924 85 Car ie pourray (peult eſtre) ainſi guerir

206 1224 870 88 D’vne des parts de mon angoiſſe dure.

153 1353 832 100 Si ton orgueil te meut onc à deſdain,

192 1424 1017 100 Domteur du Ciel, & des cueurs plus rebelles,

195 1500 802 85 Laiſſe le nid ou tu caches tes æſles,

191 1569 956 87 Et ſors, grand Roy, de ton pays mondain,

151 1639 1047 91 Prens ton carquoys, & t’en viens tout ſoudain

192 1707 846 86 Ou ie me plains de la belle des belles,

202 1778 929 90 Qui rompt mes os, & glace mes moëlles,

194 1844 906 88 Fuyant de moy plus legere qu’vn Dain.

165 1910 857 90 Que te ſert il, d’auoir reduit en Cigne,

200 1984 807 84 (Superbe enfant) la magesté diuine

195 2051 767 86 De Iupiter, ardamment curieux,

153 2115 817 93 Si ceste cy qui n'eſt ſi grande choſe,

197 2186 906 90 Libre à part ſoy te dedaigne, & repoſe

200 2253 922 102 Te ſurmontant comme tu fais les Dieux?

771 2343 109 106 Cij

1029 2343 210 80 Ce doux
