1828 2852
705 255 449 76 LES AMOVRS

432 332 955 102 Ce doux regard, ces longs cheueux dorez,

475 546 839 83 Et ces accens doucement proferez,

450 614 819 87 Ces vifs eſpritz dignement decorez,

502 679 796 86 Ceſte beauté gloutonne de victoire,

502 752 794 83 Ce riz gentil, ceſte grauité, voire

458 884 745 84 Ceſte vertu, ceſt honneur eſtimé,

500 952 825 87 Bref ce parfait des aſtres tant aymé,

461 1088 846 84 Et le tourment qui me ronge le cueur,

480 405 959 90 Ces belles mains, & ces coutaux d’yuoire,

481 473 922 89 De ce cler tainct l'ornement & la gloire,

505 814 896 87 Ces poinctz exquis des hommes reuerez,

507 1023 848 79 Cauſent en moy vne douce amertume,

512 1153 887 87 Et ce dequoy l’aueugle Dieu vainqueur

513 1220 818 93 Atiſe, helas! le feu qui me conſume.

472 1346 910 105 Alors qu’on a quelque bonne Eſperance

518 1426 864 91 On la deuroit garder ſoigneuſement,

523 1498 862 80 Voire allecher, & traitter doucement

518 1560 793 84 En atendant la future occurrance.

474 1630 802 90 Alors außi que l’on a cognoiſſance

518 1696 796 81 D'vne Vertu dedans l'entendement,

508 1766 793 89 On l'y deuroit tenir profondement,

520 1834 859 92 A tous propos priſant ſon excellance.

480 1899 877 94 Et toutesfois vous traitez vostre eſpoir

526 1967 835 88 Bien qu’il ſoit bon & face ſon deuoir

526 2039 812 88 Si rudement qu’il eſt preſque abatu.

480 2105 791 92 Ayez de luy donques compaßion,

524 2178 779 83 Car de ma part i’extolle ma Vertu

526 2241 794 103 Iuſques au Ciel pour ſa perfection.

1422 2308 131 94 Si de
