1804 2828
381 171 598 74 D'OL. DE MAGNY.

158 249 835 87 Si de ton cueur armé de froide glace.

202 323 901 94 Lequel Amour ne peut onques bruſler.

199 395 813 85 L’aſpre rigueur tu voulois reculer,

198 463 931 90 Du plus heureux i’auroy gaigné la place.

160 534 696 85 Et ſi pitie, & fauorable grace,

204 603 870 83 En tes eſpritz pouoient s’entremeſler,

218 674 767 75 Quel ſi contant oſeroit m’egaler,

204 739 804 85 Puis que dolent deſia ie le ſurpaße?

166 813 990 84 Ton nom tant beau, & mon graue torment,

213 881 946 83 Qu'en mile vers, & mile autres ie chante,

210 950 800 85 I’enuoyerois iuſques au firmament.

161 1016 866 85 Mais te cachant à mes yeux ſi ſouuent

190 1085 1021 87 Et tronquant l'eſle au deſir qui m'enchante,

207 1157 929 85 Nous ſemblerons ſeches fueilles au vent.

176 1291 894 77 Qui voudra voir enſemble apertemeut

207 1363 874 85 Ce qui fut onc de grace, & gentileße,

215 1435 913 79 Et de beauté, s’en vienne à ma maiſtreße

221 1506 976 77 La contempler, Mais vienne promptement.

180 1571 725 83 Voye l’or fin qui ſi parfaitement

221 1633 973 88 Orne ſon chef, puis ce front qui m’adreße,

220 1707 985 84 Puis ceſte bouche, ou la plus grand' richeſſe,

220 1776 757 81 De l'Orient eſt choſe exactement.

180 1849 998 80 Ces yeux apres les fleches, retz, & flamme,

226 1918 977 78 Dequoy Amour bleſſe, prend, & enflamme,

224 1984 986 80 Les cueurs, helas, des dolens bien heureux.

180 2051 863 84 Mais ſi pitié parmy ces ſaintes graces

227 2124 774 77 Il rencontroit, ò ſort auantureux

240 2182 1050 107 Vn plus grand heur ie croy que tu n'embraßes.

817 2276 122 83 C iij

1114 2276 180 60 Comme
