1840 2852
671 204 449 68 LES AMOVRS

494 280 764 84 mme la nef que la fureur du vent,

481 348 793 82 Iette dehors du haüre ou de la riue,

486 419 926 80 Court & recourt deſſus l'eau la plus viue,

486 486 762 82 Sans gouuernail ou pilote ſauant:

446 554 752 84 Ie voys ainſi ſolitaire & reſuant,

481 617 958 91 Des que les ſeurs m’inſpirent que i’eſcriue

489 689 907 81 De l'oeil ardant qui m’esblouyt, & priue

483 755 1006 83 D’ame & de cueur, & d’eſprit bien ſouuent.

448 823 1057 91 Puis quand i'ay peinct vn papier de mes larmes,

484 893 942 81 Des traitz d’Amour, de ſes diuers alarmes,

491 964 810 76 Louant touſiours ceſte rare beauté,

446 1031 798 79 Je viens au lieu ou repoſe mon ame,

486 1098 873 80 Et humblement ie le donne à ma Dame,

489 1167 680 79 Pour amollir ſa dure cruauté.

453 1297 922 86 Par ces beaux yeux ou Cupidon ſe niche,

502 1376 803 76 Et ce beau front ou reluyt le ſauoir,

494 1438 945 84 Ie iure (en vain) qu’on ne peult conceuoir

500 1506 831 80 Vne amytié plus que la mienne riche.

453 1579 957 79 Mais de voz biens vous eſtes ſi fort chiche,

510 1644 818 81 Que ne daignez vous en aperceuoir,

499 1712 905 78 Ains deſirez touſiours pauure me voir,

494 1779 921 77 De mon labeur metant la terre en friche.

446 1852 864 76 Permette Amour, auquel ſont euidans

499 1914 921 83 Tous mes penſers, & mes deſirs mordans,

500 1980 859 84 Que voſtre main me ſoit plus liberale,

448 2050 693 85 Et deſormais efface voſtre fiel,

494 2118 791 78 Et voſtre cueur enuironné de miel,

502 2183 959 101 Poignant noz cueurs d’vne ſagette egalle.

1350 2249 166 122 Voiſine
