1852 2828
342 155 606 111 D'OL. DE MAGNY.

1257 194 54 62 12

154 254 841 101 Voiſine Echo qui m’ois en lamentant,

190 329 879 87 Or' dans le creux d’vn humide rocher,

193 399 850 89 Or' dans vn boys obſcur à l'aprocher,

193 474 844 83 Ayes pitié de mon deuil augmentant.

147 538 870 90 Si ie me plains mon Eſprit tormentant,

188 609 882 87 Et de mes pleurs ie m'efforce eſtancher

185 677 904 91 L’ardante ſoif qui tant me vient facher,

182 749 916 85 Le fier deſtin de mon cueur deſmentant,

146 812 780 97 I'oy à l'inſtant ta voix ſi pitoyable.

199 884 871 93 Qui correſpond à mon mal incroyable,

190 955 923 89 Criant, tremblant, ſoupirant apres moy.

149 1024 920 93 Te ſouuenant (peult eſtre) & ie le penſe,

180 1093 874 91 Du tour ingrat, & froide recompenſe,

176 1164 823 89 De ton amy, l'amoureux vain de ſoy.

144 1299 753 91 Depuis le iour que ta rare beauté,

187 1370 913 87 Fut en mon cueur ſi viuement emprainte

183 1434 867 94 I’ay bien ſenty que c’eſt que de l'atainte

183 1508 875 83 D'vn trait d’Amour cruellement getté,

144 1575 931 91 Soit par langueurs, quand i'eſtois abſenté

183 1643 782 91 De la preſence à ton image ſainte,

185 1710 986 96 Ou par ennuys, douleurs, deſtreſſes, crainte,

183 1784 746 87 Ou par ſoupirs, voyant ta deité.

147 1850 834 85 Las le Troyen, le rauiſſeur d’Heleine.

188 1919 936 87 N’endura point tant de fatigue & peine,

183 1987 827 88 En ſon pourchas d’amoureuſe falace,

146 2061 901 81 Comme i’ay eu de langoureux tourmens,

180 2128 840 82 Trauaux, ſoucis, & deſirs vehemens,

187 2199 798 91 Pour auoir part en ta diuine grace.

738 2273 142 85 C iiij

1004 2263 211 87 Le Dieu
