1828 2852
724 204 439 65 LES AMOVRS

455 282 849 80 Le Dieu boiteux du Ciel auec ſa mere,

513 350 807 85 Ouyt vn iour les ſoupirs que ie fais

512 418 956 87 Pour ma déeße, & vid que trop grant faiz

515 488 829 83 Ie ſuportois pour ſa rigueur amere:

475 556 855 85 Du feu, dist il, dequoy iadis mon pere

523 622 941 84 Les fiers Geans rendit mortz & deffaitz,

521 687 840 87 I’embraſeray ſes membres ſi parfaitz,

529 762 939 82 Puis qu'enuers toy ſa froideur ne tempere.

483 827 840 84 Et quant & quant en ſa riche maiſon,

532 893 923 84 Le feu ſe print grand ſans comparaiſon,

539 963 841 84 Qui l'effrayant de ſentiment la priue:

491 1026 796 91 Mais tel' pitié eut le Ciel de ſa perte,

542 1098 953 88 Que de mes pleurs, & de ſa pluye experte,

537 1167 924 91 Le feu mourut, & ma Dame vint viue.

500 1294 806 93 Du plus fin or qui fut onques bruny,

550 1370 848 84 Ces longs cheueux furent ainſi dorez,

545 1437 878 82 De la blancheur des beaux lys colorez,

551 1508 893 82 Ce teint vermeil fut propr ement muny.

505 1570 822 90 Du plus parfait, au plus louable vny,

562 1644 803 84 Qui ſoit au Ciel ces eſprits decorez,

551 1708 714 85 De la clarté des aſtres honorez

554 1780 866 81 De ces deux yeux l'vn & l’autre garny,

512 1844 832 82 D'vn beau rubis de perles cristalines.

523 1915 859 82 Furent ces dens, & leures coralines

565 1980 972 90 Dy’uoire exquis, ces mains pleines de roſes,

523 2047 823 87 Et ce cueur d’ou? d’vn riche diamant

565 2118 852 85 Qui m'esblouyt, & fait en vn moment

562 2186 804 100 De moy dolent mile metamorphoſes.

1444 2262 173 82 Si vous
