1852 2840
320 198 620 68 D'OL. DE MAGNY.

1250 158 43 102 13

119 263 918 99 Si vous voulez (Dames que tant ie priſe)

167 343 815 86 Sauoir d’Amour vn miracle euidant,

168 410 766 91 Qui onc n’auint à mortel reſidant

167 471 882 93 En ces bas lieux qu’à moy qui le deuiſe.

129 544 928 96 Contemplez moy qui parle & vous auiſe,

170 616 837 87 Car vous croyez, & voyla l'accidant

167 678 1056 101 De vostre erreur, qui vous trompe en cuydant

172 752 836 90 Que ie ſois vif & que l'ame m’atize,

134 820 795 91 Et bien qu’encor ie ne ſois ſuffoqué

178 891 780 90 Et que la Parque außi n’aye coupé

173 960 772 90 Le cours fatal de ma dolente vie.

135 1030 856 85 Ce nonobſtant ie n’ay Ame ne Cueur,

181 1094 974 98 Teſmoin Amour le vieil enfant vainqueur,

179 1167 799 90 Et la beauté de ma douce ennemye.

142 1300 928 93 O doux regard enchanteur de ma peine,

181 1377 831 87 Rire doulcet, & propos doucereux,

186 1446 909 86 Qui mes trauaux, & tourmens doloreux

184 1513 782 85 Adoucißez d’vne eſperance vaine.

149 1580 881 87 Voyez pour Dieu mon amytié certaine,

186 1651 840 86 Et la fierté de mon heur malheureux,

186 1719 914 89 Puis detrempez ce cueur tant rigoureux

187 1782 862 86 Au doux criſtal d’vne douce fontaine:

153 1858 644 85 Chaßez de luy ceſte ſeuerité.

194 1920 806 93 Qui me deſtruit ſans l’auoir merité,

192 1991 859 86 Et temperez mon ardeur intraictable:

156 2060 927 88 Car ſans le doux dequoy vous me paißez

202 2122 1004 99 I’auroys eſpritz, nerfz, & membres froiſſez,

208 2193 889 108 Tant penible est la peine qui m'acable.

1027 2256 221 107 Enſeigne
