1840 2852
825 205 446 75 LES AMOVRS

601 270 720 110 eigne moy de quel cigne tu pris,

570 356 734 86 Les æſles d’or dont ſi legerement

568 424 850 84 Hauſſes ton vol iuſques au firmament,

567 492 772 83 Et la vigueur de tes diuins eſpritz.

521 559 767 85 L’ardeur außi dequoy tu fus eſpris

565 627 796 87 Et la liqueur qui ſort ſi doucement,

567 695 808 89 De ton eſponge eſtrainte fermement

567 763 762 86 Et abreuée en l'ouurage entrepris.

521 828 789 94 Monſtre le moy, àfin que ie decore,

565 893 829 94 L’exquiſe fleur & gemme que i'adore

562 964 799 83 L’idolatrant d’vne amour violante.

521 1031 845 90 Et que le temps enuieux me permette,

572 1098 843 91 Que dignement ie la celebre, & mette

565 1170 756 94 Au paragon de l'Oliue excellante.

521 1294 797 100 Pluſtost la mer ſera ſeiche & tarie,

565 1370 810 89 Pluſtost les monts ſeront precipitez,

567 1440 884 85 Les aſtres clers deſpourueus de clartez,

565 1505 894 92 Et le printemps de mainte herbe fleurie,

521 1573 829 89 Le monde rond ſans nulle ſeigneurie,

568 1643 818 87 Le iour obſcur priué de ſes beautez,

564 1717 838 79 Les apetitz des hommes contantez,

567 1777 675 91 Pluſtost außi la loyauté perie,

530 1845 848 86 Que de mon cueur on arrache le zele,

565 1912 867 92 Qui ne s’eſtend qu’à ſeruir la plus belle,

572 1985 879 79 Soit en vertus, excellance & grandeur.

522 2048 934 92 Et que mes doigts on garde en toute place

565 2116 759 87 De fredonner le diuin de ſa grace,

568 2186 728 100 Embelliſſant ceſte baſſe rondeur.

1481 2262 99 88 Que
