1852 2828
297 179 600 72 D'OL. DE MAGNY.

83 262 946 88 Que n’eſtes vous außi prompte, ma Dame,

117 337 761 77 A m’acorder le bien ou ie pretens,

116 402 929 88 Comme au danſer (qui deſrobe le temps)

116 476 893 78 Et au fuir quand plus ie vous reclame?

83 545 946 80 Voyez vous point les peines de mon Ame,

116 609 883 83 Et de mon cueur les ennuys perſiſtans?

114 685 911 80 Penſeriez vous mes nerfz eſtre baſtans,

114 749 890 83 Pour plus porter la rage de ma flame?

77 821 951 79 Les yeux en pleurs, l'eſthomac en douleur,

122 892 896 78 Tout à genoux, & palle en ma couleur,

116 959 909 77 A iointes mains merçy ie vous demande.

80 1030 841 80 Donnez le moy, prenez de moy pitié,

119 1099 840 77 Et contemplez ma conſtante amytié,

119 1161 1016 100 Qui de mon tout vous preſente vne offrande.

80 1299 808 86 O Ialouſie horrible aux Amoureux,

119 1373 744 83 Peinée ſeur de la mort miſerable,

121 1440 817 82 Qui du cler ciel le viſage admirable

116 1509 979 84 Par ton regard rens trouble & doloureux.

81 1577 870 85 O fier ſerpent, terrible, & malheureux,

124 1649 790 79 Caché au ſein d’vne fleur deſirable,

122 1718 932 87 Qui tout l'eſprit de mon cueur deplorable

121 1791 888 78 As arraché d’vn ſoing trop rigoureux.

80 1855 822 83 Par quel endroit es tu né ſur la terre.

117 1927 879 77 Monſtre cruel pour me faire la guerre,

122 1995 907 83 Et maſſacrer mes eſprits & mon cueur?

80 2062 820 79 Retourne t’en, ne redouble ma peine,

125 2133 912 85 Aſſez & trop ma Maiſtreſſe inhumaine,

122 2201 785 97 Me fait ſentir ſa farouche rigueur.

943 2273 209 96 Ce qu'en
