1828 2852
835 193 446 76 LES AMOVRS

578 267 782 100 e qu’en veillant ie n’oſay de ma vie

596 342 900 90 Feindre ou penſer en mon entendement

591 410 853 92 M’est auenu dormant profondement,

597 478 902 93 Maugré le temps, mon eſtoile, & l'enuie.

561 546 870 97 Si qu’a preſent ma plainte pourſuiuie,

597 616 928 93 Mon dur trauail, & mon aſpre tourment,

605 686 666 90 Sont effacez, & liberalement

597 754 825 82 Ie remetz tout à ma chaſte ennemye.

554 815 909 96 Bien ie voudrois que le Ciel eust daigné

602 888 834 92 Faire eternel mon ſommeil eſloingné

605 953 1005 95 Pour bien heurer plus longuement mon Ame.

562 1023 855 97 Ou ſi par mort tel plaiſir on aquiert,

610 1090 847 93 Mourir ſoudain, ainſi que le requiert

610 1159 904 94 L’heureux iouyr d’vne tant belle Dame.

572 1294 812 97 Graces vous rens Eſtoile fauorable,

615 1364 998 93 M’ayant fait naiſtre en ce tant heureux age,

616 1432 785 92 Ou i’ay peu voir ce celeſte viſage,

615 1498 886 94 Et contempler Vertu tant honnorable:

577 1570 851 93 Graces encor au troupeau venerable.

619 1630 1045 100 Des chastes ſeurs, qui m'ont poingt le courage

618 1706 851 90 D’vne fureur, & d’vn ſubtil ouurage

619 1771 898 95 Pour celebrer ceſte Ame incomparable.

583 1845 835 86 Graces außi à ces beaux diuins yeux,

627 1907 896 92 Creans en moy les mots ſi promptement

631 1977 864 93 Que tout eſprit les en admire & louë.

589 2050 807 87 Autant i’en dy à ce front precieux,

638 2113 895 90 Qui, ſouleuant mon foible entendement,

631 2188 849 103 Fait qu’en mes vers l'eternité s’auouë.

1488 2251 173 95 O faux
