1852 2840
277 235 629 83 D’OL. DE MAGNY.

1172 234 57 78 15

53 320 676 98 O faux penſer, ò deſir inutile,

91 391 786 94 Verray ie point deſnouez ces liens

93 454 915 102 Dequoy Amour tous les ſentimens miens

89 530 826 97 Encordela pour ma Dame gentile?

53 597 853 103 Doy ie touſiours deſſus terre infertile

97 668 790 95 Semer ainſi le treſor de mes biens?

96 736 881 103 Doy ie mourir? ou ſans eſpoir de riens

101 810 821 90 Seruir touſiours ceſte Dame virile?

63 881 900 97 En ceſt enfer, fault il qu’a tous momens

102 946 878 98 Ie ſois repeu de tant aigres tourmens?

97 1011 927 101 Doy ie arreſter de mes ſoupirs la courſe?

66 1082 974 104 O fort Amour, qu’eſtranges ſont tes faitz,

107 1153 893 95 Ie gele au feu, & mes membres deffaitz

110 1216 1001 103 S'embraſent tous dans l'eau de ceste ſource.

74 1367 824 90 Ne tant de traits Amour trop irrité

119 1435 792 90 De decocher ſur moy ſe trauailla:

118 1509 822 87 Lors que de vous l'obget il me bailla,

119 1573 818 91 Pour vous ſeruir en toute integrité,

88 1650 669 87 Ne le parfait de voſtre rarité

127 1710 821 93 D'vn ſi grand art Nature n’eſmailla

129 1776 879 93 De ſes couleurs, quand elle vous tailla

132 1853 794 84 Pour augmenter ſon renom merité,

96 1923 800 82 Comme dans moy ie ſens d’affection,

137 1994 625 82 Pour agrer à la perfection,

135 2057 785 82 De voz vertus, & diuine beauté.

99 2128 827 85 Et de ſouhaitz dedans l'entendement

161 2185 1026 93 Pour vous monſtrer (ma dame) euidamment,

146 2265 783 95 L’heureuſe fin ou tend ma loyauté.

1059 2336 125 76 Tous
