1840 2852
889 245 437 79 LES AMOVRS

592 327 810 84 Tous mes penſers à riue aborderont

637 397 841 86 Laſſez en vain de la forte tourmente,

632 465 932 84 Quand du l'Aurier la branche verdiſſante

630 535 902 81 Perdre ſon teinct les Dieux acorderont.

587 600 878 86 Et mes tourmens & trauaux ceſſeront,

624 671 918 83 Lors qu’on verra la neige blanchiſſante

630 743 912 79 Noircir, bruſler, & la flamme eclairante

632 808 911 82 Glacer par tout ou ſes rais s’eſpandront.

587 873 904 82 Tant de cheueux ie n’ay deſſus ma teste,

627 941 903 84 Et tant d’eſclairs au fort d’vne tempeſte,

624 1007 908 84 Ne lichent point des Nauires les flancz.

578 1079 978 80 Comme de moys & d’ans voudrois atendre,

619 1142 1018 89 Ce iour heureux, ſans m'ennuyer d’entendre,

624 1215 1021 90 Qu'en lieu de noirs i'euſſe les cheueux blancz.

576 1343 1048 94 Quand le deſir dedans mon cueur s’augmente,

614 1414 810 89 Et l'eſperer s’amoindrit, ma Déeſſe,

611 1489 802 85 Ie ſens adonc vne eſtrange rudeſſe,

616 1562 948 77 Qui pirement qu’vne mort me tourmente.

570 1625 895 81 Mais quand apres ceſte grace duyſante,

616 1692 846 87 Ceſt oeil riant, autheur de ma tristeſſe,

613 1750 1014 102 Ces blondz cheueux pleins d'exquiſe richeſſe,

608 1828 886 87 Et ce cler teinct à mes yeux ſe preſente,

557 1896 810 86 Alors außi s'augmente mon ardeur,

606 1964 828 83 Et mes deſirs de plus grande roideur

611 2036 853 76 Me font voguer par la perſeuerance:

561 2102 927 84 Et trop hardy (c’eſt Amour qui me guide)

606 2167 798 86 En vn instant ie me laſche la bride,

605 2240 959 97 Guindant mon cueur à la vaine eſperance.

1470 2314 189 86 Ce n'eſt
