1840 2840
280 203 619 73 D'OL. DE MAGMY.

66 276 902 96 Ce n’eſt la mere au puiſſant Dieu bandé,

104 355 864 85 Ne celle encor' de lorfeure des Dieux,

108 418 868 91 Non de l'enfant l'enfant trop ſtudieux.

110 490 768 84 D'auoir le char au pere demandé.

71 558 833 88 Pour qui mon cueur ſe dit aprehendé,

108 623 995 98 Du plus grand bien qui ſoit en ces bas lieux,

119 698 862 81 Voire comblé d’vn heur tant glorieux,

116 762 916 97 Qu'autre plus grand ne fut onq' regardé.

75 837 756 86 Celà prouient d’vne mere gentile,

121 900 862 94 Qui ſe plait tant en mon bas rude stile

118 978 885 82 Qu'inceſſamment elle chante mes vers.

78 1041 842 91 Et me promet flechir mon aduerſaire,

123 1109 823 91 Et m'apreſter ce qui m'est neceſſaire

123 1181 863 89 Pour contenter mes deſirs deſcouuers.

85 1312 850 92 Peu s’en faloit que mes foibles eſpritz

132 1383 841 93 N’euſſent laißé ceste charnelle maße,

124 1457 736 86 Et dedaignans reſidance ſi baße,

118 1525 814 85 Dreßé leur vol au celeſte pourpris.

88 1593 978 92 Lors que ces yeux (la rethz dont ie fus pris)

134 1662 875 86 D'vn ſeul regard coulorerent ma face,

132 1730 819 92 Si qu’à l'inſtant ma foibleſſe s’efface,

134 1803 776 85 Et de vigueur ie me ſenty ſurpris.

96 1869 1005 84 Si donc vn trait des beaux yeux de ma Reine,

134 1939 951 82 M’oste des bras de la mort qui m'entreine,

138 2010 783 78 Et me remet en force entierement,

100 2073 818 90 Ne me feroit vn baiſer de ſa bouche

146 2145 958 84 Domter la Mort qui tous animaux touche,

145 2207 852 101 Et de tant d’heur viure eternellement?

989 2283 189 89 Chaſſez
