1852 2852
848 221 447 68 LES AMOVRS

649 297 751 92 ßez de vous ceste grande beauté

627 368 939 85 Qui vous maintient l’excellante des belles,

618 437 842 85 Chaſſez de vous ces Eſtoiles iumelles,

629 507 717 77 Faiſans estat d’embler la liberté,

578 571 788 84 Chaßez de vous la douce priuauté,

615 640 951 87 Dont vous vſez domtant les plus rebelles,

624 713 830 79 Bref ce parfait de graces eternelles

621 779 747 82 Ou Dieu monstra ſa prodigalité,

570 846 917 80 Si deſormais vous voulez que ma plume,

608 910 1037 92 Ne peigne au vray, comme elle a de coustume,

610 985 783 79 Le vif, & cler, de voz perfections,

567 1055 928 76 Car autrement ie ne puis rien cognoistre,

610 1118 858 83 Pour la garder de ne faire aparoiſtre

608 1186 831 89 Le ſainct protrait de mes intentions.

562 1310 976 90 Si autre flamme en mon cueur fait demeure

619 1387 901 86 Que la ſplendeur de voz ſoleilz ardans,

610 1457 783 78 Soit à iamais le brazier au dedans,

603 1516 942 90 A tout le moins iuſqu’à tant que ie meure.

561 1593 818 81 Si autre laz, que vostre cheueleure,

613 1662 910 84 Tient mes eſpritz hors de moy reſidans,

610 1720 994 95 Voz doux regards ne ſoient onc reſpondans,

604 1798 881 79 A mes deſirs, ains felons à toute heure,

556 1864 817 83 Si de mes yeux vous n’estes le ſoucy,

594 1927 777 88 Et de mes vers le fondement außi,

612 2004 794 74 Voſtre pitié ne me ſoit ſecourable,

558 2070 878 84 Mais ſi ie ſuis vray fidelle, & conſtant,

600 2139 834 79 Plus de trauaux ie ne ſois ſuportant,

610 2210 918 98 Ains guerdonné de ma peine admirable.

1522 2299 108 87 Les
