1840 2852
374 217 614 76 D'OL. DE MAGNY.

147 297 1003 88 Les fiers cheuaux trainans la lampe ardente,

199 370 823 81 Qui de ſon feu toute le terre éclere,

185 432 821 89 Eſtoient laſſez du trauail ordinaire,

183 508 859 84 Et paruenuz au poinct de la deſſente.

144 586 881 71 Quand (tout eſmeu de la ioye recente)

188 646 892 82 Ie vis ma Dame en ſa beauté plus clere,

182 711 835 89 Et en ſon teinct pour à l'enuie plaire,

182 784 936 84 En compagnie honneste & condeſſante.

139 852 861 84 L’vne louoit ceſte grandeur de gloire,

183 923 869 81 L’autre cest or, ces rubiz, ceſt yuoire,

183 987 877 88 Bref, ce parfait dont elle les deuance.

141 1055 782 90 Parquoy deſlors ie reſolus en moy,

175 1126 934 89 De prendre en gré deſormais tout l'eſmoy,

180 1196 902 93 Qu'endurerois pour ſi rare excellance.

136 1329 878 87 Ce n’est Amour le tiran mal traictable,

174 1400 917 94 Ne de ſes traitz la pointure & vigueur,

174 1475 845 82 Ne du brandon de Venus la rigueur,

171 1543 881 82 Et moins du ſort la colere indomtable,

141 1611 903 87 Qui me font or' d’ardeur imcomparable,

183 1685 874 81 Vous celebrer, & confeſſer mon cueur

177 1750 938 91 Eſpris & poingt, & le vostre vainqueur

175 1818 934 89 De tous mes ſens & franchiſe admirable.

136 1885 933 89 Voſtre vertu, vostre honneur nompareil.

194 1958 901 82 Et voz beautez qui tiennent du Soleil,

171 2026 984 90 Les raiz brillans, qui mes yeux eſplouyſſent,

128 2094 753 89 Ont alumé l'ardeur en mes eſpritz,

171 2169 707 80 Dequoy rauy ie louange le pris

175 2232 945 97 De voz valeurs que les graces cheriſſent

779 2329 37 51 D

977 2323 229 82 O. grand'
