1852 2852
727 215 444 81 LES AMOVRS

553 297 828 92 and' beauté, mais trop oultrecuydée,

528 364 964 90 Qui moins m’estime alors qle plus l'adore,

524 442 906 74 Rien ne me ſert le tourmenter, n’encore

521 503 806 84 Les tristes ſons de ma lyre acordée,

493 568 791 97 Quand ie celois l'angoiße debridée,

534 638 937 89 Qui corps & cueur & l'eſprit me deuore,

529 709 959 83 Ie pouuois voir ſur ce front que l’honnore

537 776 807 82 Quelque rayon de pitié non ſondée.

488 841 801 87 Mais außi toſt que i’euz manifeſté,

534 907 862 88 Le cuyſant feu dont ie ſuis tourmenté,

532 976 1052 90 Par mes ſanglotz, mes ſoupirs, & mes larmes.

493 1045 857 89 Ma Dame helas ſes regards amoureux

545 1113 1005 91 Changea ſur moy en traitz d’oeil rigoureux,

537 1181 818 94 Et ſes deuiz en dangereux alarmes.

501 1313 895 95 Ie ne veux pas, comme Horace, debatre

548 1384 818 92 Que la blancheur du marbre Parien

554 1456 790 84 Terniße aupres du teinct Glicerien,

547 1521 918 93 L’obget d’amour pour ſes forces abatre.

504 1589 802 93 Le pourpre fin qui tapiſſe l'albaſtre,

553 1658 783 88 Les liz meſlez au teinct Cinabrien,

556 1723 728 84 Et les œilletz du iardin Gnidien,

559 1787 936 96 Semblent le teinct de ma Nimphe folaſtre.

513 1856 831 96 Que ſi mon luth de ſes acords diuers

556 1929 780 86 Bruyre faiſoit le rond de l'vniuers,

562 1994 882 89 Comme celuy dont le Calabrois chante,

516 2064 880 90 D’autant heureux ie ſeroy plus que luy

569 2132 899 90 Que ma maiſtreſſe eſt la plus excellante,

562 2200 877 110 Et que i'ay plus de triſteſſe & d'ennuy,

1319 2270 176 86 Le ciel
