1852 2852
439 247 602 73 D'OL. DE MAGNY.

1300 244 55 181 18

174 327 688 83 Le ciel voyant voſtre diuinité

225 400 861 89 Qui ternißoit le parfait de ſon mieux,

217 472 892 87 Se courroußa contre vous en ces lieux,

218 538 715 83 Et vous darda ſon inhumanité.

169 605 712 87 Depuis voyant que ceſte rarité

215 671 997 103 Faiſoit honneur aux plus ſouuerains Dieux,

217 744 796 86 S’en repentant ſe monſtre studieux,

212 817 799 82 De vous donner la premiere ſanté.

166 887 801 84 Regardez donc, Déeße, ſi ma ryme

218 952 945 96 Vous priſe en vain puis que le Ciel estime

217 1020 819 89 Voire, craintif, reuere voz beautez.

164 1086 836 97 Puiſſe à touſiours voſtre ſainte figure

215 1162 877 84 Florir aux raiz de ma chaſte eſcriture,

210 1231 917 92 Croißans mon heur auec voz priuautez.

163 1357 850 100 O belle main, main d'excellant yuoire,

214 1440 894 87 O neige chaude, & perles treſexquiſes,

204 1506 810 84 Heureuſe main qui le brazier atizes

206 1579 886 79 Ou de mon cueur on conſume la gloire.

160 1646 878 79 Si d’vn torment incroyable & notoire,

212 1715 785 84 Te chalut oncq', & ſi tu fauoriſes,

204 1776 1058 92 L’homme mourant, contemple en quelles guiſes

202 1853 847 81 Traité ie ſuis, & t’efforce à le croire.

156 1921 941 83 Puis ne permetz que ſois plus longuement

190 1994 846 73 En ce trauail tant rude & vehement,

190 2070 888 62 Ains rens du tout mes peines terminées.

156 2121 730 86 Et ſi ie vis i’en chanteray le iour,

201 2192 855 84 Le temps, & lieu, faiſant en ce ſeiour

204 2262 886 92 Durer ton nom par mil & mil années.

875 2354 149 74 Dij

1048 2351 184 73 Vestez
