1852 2852
706 247 437 85 LES AMOVRS

453 332 837 87 Vestez mon cueur vne robe nouuelle,

482 399 797 96 Puis que le ſort me veult fauoriſer,

485 468 859 86 Rompant le cours de mon temporiſer,

482 538 824 87 Par le regard de ma Vertu tant belle.

450 606 858 89 C’eſt ma Vertu qui les autres excelle,

496 673 851 93 Soit en grandeur d’excellance à priſer,

496 749 739 81 Ou rarité, qui me vient embraſer

499 804 972 95 D'vn feu nouueau, d’vne ardante eſtincelle.

437 882 768 86 Adorez donc ſon exquiſe beauté,

508 950 831 81 Son port royal, ſa douce priuaulté.

512 1015 891 92 Le froid apuy de ma chaulde eſperance.

474 1086 892 83 Et deſormais tenez vous bien heureux,

515 1153 866 86 D’auoir gouſté le breuuage amoureux,

518 1221 890 89 Et voſtre eſpoir changez en aſſeurance.

477 1348 932 98 Ceſſez mes yeux de plus larmes eſpandre,

529 1421 961 92 Et vous mon cueur de plus vous contriſter

528 1492 800 84 Car la raiſon qui vous vient viſiter

521 1562 969 81 L’ordonne ainſi & i’y veux bien entendre.

477 1627 1059 85 L’heureux guerdon que lon ma daigné rendre,

528 1696 813 84 De mon labeur prompt au ſoliciter,

529 1763 758 92 Vn tel plaiſir m'eſt venu ſuſciter,

528 1826 983 95 Qu’impoßible est de plus grand en atendre.

478 1896 983 92 Arriere ennuy, deuil, tourment & deſtreſſe,

526 1967 820 88 Puis que ie voy ma fatale Maiſtreſſe

529 2039 755 84 Me receuoir d’vne bonne amytié:

480 2104 842 88 Et vous mes vers chantez d’affection,

534 2172 756 89 De ſes vertus l'ample perfection:

529 2235 894 113 Car il le fault, puis que c’eſt ma moytié.

1246 2305 228 93 Chantant
