1828 2840
402 214 598 70 D'OL. DE MAGNY.

1318 201 38 101 19

200 295 815 80 Chantent les vns Minerue vigilante,

244 366 867 72 Autres Venus que i’oy tant reclamer,

236 432 887 83 Et celle außi qui ſceut tant enflammer,

238 500 829 83 Son rauiſſeur d’vne amour violante.

194 572 967 82 Du roy des Dieux la compaigne opulante.

241 643 712 76 Et de Tethis auec toute ſa mer,

236 711 895 82 La vierge encor que ſeule i’oy nommer

243 779 765 80 De chaſteté la Déeſſe excellante.

194 848 841 79 Car de ma part ie n’ay aucune enuie,

239 924 768 71 De celebrer le durant de ma vie,

247 989 911 77 Que voz vertus, voz graces & beauté.

200 1055 830 81 Et conſacrer au temple de Memoire

239 1112 1022 98 De voſtre honneur la ſplandeur & la gloire,

241 1192 797 84 Et de mon cueur la ferme loyauté.

198 1326 900 82 Ces feuz iumeaux dont mon ame reçoit

239 1399 869 84 La viue ardeur qui l'inſpire & anime,

247 1468 829 79 Cachent de moy leur viuacité prime

244 1536 861 79 Et plus mon oeil, las, ne les aperçoit,

200 1606 783 83 Ce chaſte riz duquel ſe compaßoit,

244 1669 898 88 Mon bien ſi grand, ma fortune ſublime,

250 1737 804 86 S’eſt diſparu & me laiße en l'abiſme

241 1809 968 84 Du greftourment que mon ſoucy conçoit.

202 1879 868 85 Ceſte douceur de parler qui conforte,

250 1943 848 87 Ne daigne plus m’aparoir de la ſorte,

255 2017 821 81 Me deſdaignant ie le preſume ainſi.

203 2082 925 84 Soit donc ma voix à iamais douloureuſe,

249 2148 1007 87 Mes yeux ruyßeaux, mon ame langoureuſe,

252 2223 753 102 Mon eſtomac vn Mongibel außi.

778 2295 139 85 D iij

992 2289 275 87 De l’estho¬
