1828 2840
683 206 445 66 LES AMOVRS

449 280 805 86 De l'eſthomac de moy tant miſerable

494 350 841 85 Ne ſorte (las) que ſouſpirs douloreux,

495 424 944 80 Et de mes yeulx, de mes yeulx langoureux

498 489 954 83 Qu'vn triſte pleur à tous yeulx admirable.

449 561 854 78 Ne ſoit ma voix rien ores implorable,

503 623 870 85 Que de la mort le fier dard rigoureux,

495 695 914 79 Et mes propos ne ſoient plus vigoureux,

494 758 904 82 Ains deſplaiſans à toute Dame aymable.

451 829 785 75 Puis que ie pers la brillante lumiere

498 896 850 77 Qui m'eſcleroit, & eſtoit coustumiere

490 964 829 78 De m'eſiouyr en plus de cent façons:

449 1031 766 79 Puis que ie pers de veuë la Déeſſe

495 1094 861 84 Qui enrichit, par ſa beauté maiſtreße,

492 1165 870 86 Ce monde bas, & toutes mes chanſons.

449 1292 769 90 Ainſi voulut la fortune mordante

505 1363 839 91 Vous faire voir voſtre aygre cruauté,

489 1440 874 77 Comme ell' permet qu’auec ma loyauté

489 1503 777 84 Ma paßion vous ſoit treſeuidante.

446 1573 913 82 Mais quand ie voy voſtre grace prudente

490 1636 761 86 N’auoir egard à ſi grand' aſpreté,

489 1707 795 75 Ie penſe alors comment l'extremité

487 1775 891 80 De mon grief mal vous ſeroit aparante.

445 1841 797 82 C’est la raiſon außi qui me pourſuyt

486 1909 947 82 Cacher l'ennuy de mon cueur qui vous ſuyt

478 1980 791 77 Auec de vous le traitement ſeuere,

437 2043 896 88 Et paiſtre (en vain) mon afamé penſer

481 2114 726 82 De ce deſir dont ie ſens offenſer

486 2186 941 93 L'a me demoy quand plus ie vous reuere.

1221 2254 185 96 Ie m'es¬
