1840 2852
367 217 609 72 D'OL. DE MAGNY.

1288 236 48 66 20

169 301 704 85 Ie m’esbais que ma vie ne ceße

209 362 955 97 De m’inſpirer ſi long temps en ce monde,

212 437 957 85 Veu le tourment de ma douleur profonde.

207 508 905 82 Mon long trauail, & ma dure deſtreße,

163 573 729 94 Ie m'esbais que la forte foibleſſe

206 644 859 86 De mon parler à chanter ta faconde,

210 719 866 81 Tes yeulx diuins & cheuleure blonde

207 777 892 96 Ne s’alentit pour ceſte grieue angoiſſe.

164 850 912 89 Et que mes pieds ne ſont manques & las

209 922 786 87 De ſuyure ainſi ta celeſte preſance

202 990 831 87 Inceſſamment, d’vne inutile ardeur.

164 1055 1011 84 Mais mon trauail augmente & croit (helas)

207 1126 972 89 Puis mes chanſons hauſſent leur reſonance

207 1197 968 87 Et mes pieds vont de plus grande roydeur.

163 1332 993 87 Bien eſt mon deuil ſur tout autre admirable,

202 1406 972 83 Et plus encor que tout autre aygre & fort,

202 1475 951 79 Puis que ie voy d’vne & d’vne autre mort

206 1540 906 87 Dreſſer la faux ſur mon chef miſerable.

164 1606 856 86 Ma Dame helas dans vn lit honorable

206 1677 870 88 Est nuict & iour par toy, ò fatal ſort!

217 1744 1006 93 Qui ne conſens, ſoit quand ell' veille ou dort,

206 1818 839 80 Relache aucun à ſon mal deplorable.

163 1887 819 82 D’autre coſté ie remache à part moy

202 1953 848 86 Le dur tourment que reſoufrir ie doy

206 2023 798 79 Si de ſanté le Ciel l'orne & decore:

166 2089 979 88 Soit donc qu’ell' meure ou ſoit que guariſon

206 2159 879 84 Elle ayt bien tost, ie mourray en priſon,

206 2224 931 106 Heureuſe mort & plus heureuſe encore!

752 2314 146 84 Diiij

1052 2300 161 81 Encor
