1840 2840
730 200 455 85 LES AMOVRS

463 280 936 90 Encor' vn coup le vuyde des Campaignes

514 358 798 79 Orra mes plainctz & lamentation

522 421 792 87 Tant que le bruit de mon affliction

517 493 950 82 Couronnera le plus hault des Montaignes.

473 561 950 84 Encor vn coup mes deſtreſſes compaignes,

523 624 733 89 Ardans ſoupirs & dure paßion,

534 697 698 84 S’abreuueront en la perfection

530 763 1008 87 De ton cler cours ò ruyßeau qui les baignes.

478 826 852 90 Et ſi d’Amour regne quelque eſtincelle

525 900 920 79 Entre ces rocz, ilz auront de mon cueur

539 970 912 77 Quelque pitié voyant mon ardant zelle:

481 1035 809 85 Mais que me ſert ſi celle que i’adore

534 1104 946 85 Ne me croit point, ains croit en ſa rigueur

546 1173 890 89 Me tourmentant du feu qui me deuore.

487 1300 944 93 En quel endroit tant eſtranger & ſombre

533 1378 790 81 Iray ie Amour, pour alentir vn peu

536 1445 816 80 Le deuorant & trop rigoureux feu

544 1511 991 85 Qui des Martirs m'a fait croiſtre le nombre?

497 1579 918 85 Verray ie point quelque ſolitaire ombre

538 1644 773 86 Là ou de nul ie ne puiſſe eſtre veu,

539 1713 799 85 Pour y vomir le venin que i’ay beu

544 1784 893 82 Sans preſentir ce dangereux encombre?

501 1847 815 85 Si la douleur tant ſoit forte à domter

539 1918 821 77 La fiere mort peult ſeule ſurmonter,

530 1991 822 77 Deliure toy mon Ame de ta charge.

506 2057 912 82 Car qui s’en fuyt & traine ſon tourment

563 2118 921 90 (Touſiours guetté d’vne triſte recharge)

553 2193 916 102 Ne peult changer que de poil ſeulement.

1432 2264 168 94 Celeſte
