1840 2852
296 215 621 70 D'OL. DE MAGNY.

1229 231 53 65 21

91 288 980 95 Celeste Amour qui d’vn ſeul coup de traict

131 364 1016 87 Rendez mon cueur plein d’eſperance vaine,

134 434 929 87 Et tout ſoudain comblé d’vne aſpre peine

142 508 808 79 Pour ce diuin angelique protraict,

96 570 967 90 Par la vigueur de vostre arc qui ſubſtraict

134 646 866 82 A voſtre vueil toute penſée humaine,

133 713 966 85 Et par voz dardz, & par ma foy certaine

139 784 846 79 Voyez mon deuil à tout autre ſecret.

95 849 806 85 Et ſi pitié dedans vous trouue place

137 920 928 87 Poignez ce cueur qui me roydit en glace,

134 990 724 81 Adoucißant ſon amere rigueur,

95 1059 789 86 Et ne ſouffrez que rebelle il aterre

145 1128 943 87 Tous mes deſirs, meſpriſant ma langueur,

139 1196 878 90 Et vous außi, ſans luy faire la guerre.

98 1329 767 85 Si la durté n’eſtoit en vous ſi dure

145 1406 832 80 Et tant n'eſtoit voſtre cueur endurcy

147 1470 824 81 Soit en cest œil ou ce double ſourcy,

139 1541 818 79 Belle ſeriez ma Dame outre meſure.

101 1614 975 81 Mais voſtre cueur qui ne craint la pointure

142 1681 910 77 Du traict d’Amour, est tellement noircy

144 1747 846 86 D'aſpre durté, qu’il fait voir obſcurcy

148 1820 812 79 Ce liz vermeil, & ceſte cheueleure.

103 1883 760 86 Repouſſez donc ceſte fiere durté,

155 1956 742 83 Ce glaz außi ſoit de vous écarté,

145 2024 905 80 Si vous voulez estre entierement belle:

106 2093 749 84 Et deſormais d’vne douce liqueur

153 2165 902 80 Soigneuſement abreuuez voſtre cueur,

158 2234 911 90 Sans vous monſtrer ſi durement rebelle.

1038 2308 125 73 Mon
