1840 2840
852 229 445 59 LES AMOVRS

550 291 936 98 Mon foible eſpoir prenoit ia double force,

590 370 620 85 Et s’egaloit à mon affection

594 432 826 91 Quand i’aperceus vostre perfection

593 506 891 82 Sentir d’Amour la pointure & l'eſtorce,

546 571 920 88 D'vn doux ſoupir, d’vne ſubtile amoree,

582 642 835 85 Et d’vn regard ceinct de compaßion,

602 711 687 85 Vous effaciez ma dure paßion,

604 777 898 86 Me promettant le bien qui me renforce.

550 844 991 86 Soient feinctz ou non ces regardz ſi flateurs,

596 910 959 88 Soient voz propos ou fardez ou menteurs,

596 978 941 87 Ie ſuis heureux pour le moins de le croire.

552 1046 874 91 Aymant trop mieux ſur celà m’apuyer

605 1115 920 88 Que dans mon cueur le contraire eſtuyer,

596 1186 849 87 Perdant l'eſpoir & la vaine memoire.

561 1311 792 96 Trouble le cler de ton riche criſtal,

596 1388 892 84 Et des l'endroit ou tu prens ta naißance

602 1456 882 91 Iuſques icy donne ample cognoiſſance

596 1524 892 86 Par tes ſanglotz de ton douloreux mal.

561 1593 873 87 Que ce troupeau, trop ententif au bal,

601 1655 827 93 Laiße ſoubdain ceſte gaillarde danſe

601 1729 861 83 Et de leurs voix en dolente acordance

607 1797 819 85 Plaignent de nous le malheur inegal.

557 1861 849 95 Fay, Heuze fay que tes ondes ſi gayes,

602 1929 942 92 N’arroſent plus ces fleurs ne ces ſaußayes,

605 1997 824 90 Ains laiſſe tout en danger deßecher.

557 2068 792 90 Et d’vn manteau de triſteße t’abille

602 2131 950 95 Pour auec moy plaindre & pleurer ta fille

610 2201 988 104 Qui veult de nous pour vn temps ſe cacher.

1483 2276 145 82 Haste
