1852 2852
282 215 596 70 D'OL. DE MAGNY.

1165 234 55 73 22

61 293 831 87 Haſte le train de tes courſiers ardans

103 369 775 74 O cler Phebus, & en l'Ocean entre,

98 434 910 84 Eſclarciſſant l'obſcur du profond centre

93 507 828 79 Et de Thetis le ſein iuſqu’au dedans.

66 578 932 76 Car ton flambeau aux humains regardans

103 643 959 79 Plaiſant en tout, me conſume en cest antre,

96 716 993 79 Et ie ne quiers que l'ombre & la nuict, entre

96 781 902 80 Tant de deſirs dans mon cueur reſidans.

63 854 999 82 Non que ce ſoit que mon cueur & mes yeux,

96 923 834 78 L’obſcurité de la nuict ayment mieux

95 993 818 68 Que de ce iour la clarté reluyſante.

61 1063 863 79 Mais pour autant que i’eſpere gaigner,

95 1134 816 73 Des que le iour ie verray s’eſloigner

96 1201 914 85 Quelque guerdon de ma peine cuyſante.

63 1326 848 80 De quelle ardeur ont les cieulx decoré

99 1402 785 85 Le vif protrait de ta diuine image,

99 1471 750 84 Pour te donner eternel auantage,

96 1541 837 79 Sur le plus beau de ce monde honoré?

60 1608 810 85 Par quel engin fut mon cueur attiré,

96 1679 771 79 Au labirinth d’vn vtile dommage,

95 1747 926 84 Et tous mes ſens pleins d’animé courage,

96 1812 940 86 Bruſlez & poingtz d'vn feu non enduré?

65 1883 962 86 D'vn cler manteau riche & bien ſouuerain,

95 1950 772 89 Et d’vn viſage agreable & ſerain,

95 2020 720 87 Eſtoit paré le ciel à ta naiſſance,

65 2088 784 85 Et d’vn trait d’or d’heroique vertu,

98 2156 767 84 Heureuſement fuz atainct & batu

107 2230 880 97 Quand ie fus ſerf de ta rare excellance.

873 2314 116 76 Si la
