1852 2840
888 208 446 79 LES AMOVRS

601 288 878 89 Si la Nature euſt fait naiſtre ma Dame

650 356 722 90 Au ſiecle vieil de l'aueugle priſé

639 427 736 87 D’Agamemnon, le pris eternizé

648 493 840 89 N’auroit touché tant excellante fame:

606 564 780 84 Car il euſt dit de ceſte gentile Ame

644 631 827 85 L’honneur exquis du ciel fauorizé,

655 702 775 79 Et par ſes vers l'euſt immortalizé

658 766 845 86 Ne faiſant cas de guerre ne de flame.

615 834 845 89 Titire außi dedaigneux n’eust chanté

653 902 944 87 L’honneur & pris du Troyen tant vanté

656 973 817 82 Si de tes yeulx il euſt veu la lumiere.

611 1042 772 82 Et moins encor le Cigne Ferrarois

655 1112 792 79 Du Furieux euſt entonné ſa voix,

661 1175 902 90 Ains de ce beau qui te rend la premiere.

617 1306 1029 95 Ceux qui grauoient au temps des ſiecles vieux

661 1383 848 79 De la Vertu la forme excellamment

664 1449 875 83 Ne l'emailloient de grandeur ſeulement

666 1519 944 82 Ains de douceur, rare preſent des Cieulx,

620 1585 954 87 Monſtrans par là que l’homme audacieux,

667 1655 924 85 Et dedaignant ce qu’on fait humblement,

669 1724 829 84 N’eſt vertueux ains eſt pareillement

675 1789 903 85 Rebouté loing de la grace des Dieux.

626 1864 941 90 Parquoy voyant que voſtre Vertu ſainte

671 1920 1013 99 De ces deux poinctz est abondamment peinte

683 1994 864 87 Treshumblement ie vous offre ce don.

633 2065 920 91 Non pour cuyder voſtre rigueur abatre

675 2130 831 94 Ne pour eſpoir d’en obtenir guerdon

689 2199 916 112 Mais quelques fois à loyſir vous esbatre.

1594 2279 98 59 Des
