1864 2852
267 217 619 79 D’OL. DE MAGNY.

1082 239 41 55 23

49 301 982 99 Des plus beaux yeux que fit onques Nature

82 378 781 89 Heureuſement ie me voy regardé,

85 442 959 93 Des plus beaux doigtz doucement retardé

84 516 944 90 Si quelque fois changer veux de demeure.

53 584 899 92 Du plus doux riz ie voy faire ouuerture

95 652 914 91 D'vn grand treſor condignement gardé,

88 725 774 84 Et d’vn parler diuin & non fardé

91 790 891 92 Ie ſuis nourry, & ſi fault que ie meure.

60 860 818 89 Dequoy cent fois le iour ſuis estonné,

90 936 830 84 Me cognoißant grandement fortuné,

91 1002 818 83 D'estre repeu de ces celestes choſes,

60 1074 732 74 Et toutesfois estre ordinairement

96 1142 902 82 En grief trauail en ennuyeux tourment

95 1210 887 87 Et de la mort pres des portes decloſes.

64 1346 875 91 I’auoy la peur au profond de mon Ame

110 1422 782 81 Qui dominoit tout le reste de moy,

99 1490 974 81 Lors qu’en tremblant, vaincu de mon émoy,

99 1560 836 81 Ie deſcouuriz mon ſecret à Madame.

77 1631 786 80 Treshumblement ſa pitié ie reclame,

112 1701 758 76 Metant en ieu l'obſtiné de ma foy,

118 1769 804 70 Puis mon deuoir en l'amoureuſe loy,

109 1831 1033 89 Puis mes trauaulx, ma constance, & ma flame.

79 1907 799 81 Mais außi toſt ie cogneuz clerement

115 1980 813 76 De mon parler ſon meſcontentement

117 2045 835 79 Par vn regard dont elle me foudroye,

91 2107 734 92 Ainſi Dolon ayant dit les ſecretz

123 2173 1038 91 Du camp Troyen, mourut par les deux Grecz,

133 2251 838 95 Gaignant par luy la cheualine proye.

1020 2327 127 65 Mon
