<?xml version="1.0" encoding="UTF-8"?>
<alto xmlns:xsi="http://www.w3.org/2001/XMLSchema-instance"
      xmlns="http://www.loc.gov/standards/alto/ns-v4#"
      xsi:schemaLocation="http://www.loc.gov/standards/alto/ns-v4# http://www.loc.gov/standards/alto/v4/alto-4-2.xsd">
  <Description>
    <MeasurementUnit>pixel</MeasurementUnit>
    <sourceImageInformation>
      <fileName>72.jpg</fileName>
      
    </sourceImageInformation>
  </Description>
  
  <Tags>
    <OtherTag ID="BT4943" LABEL="MainZone" DESCRIPTION="block type MainZone"/><OtherTag ID="BT4944" LABEL="NumberingZone" DESCRIPTION="block type NumberingZone"/><OtherTag ID="BT4945" LABEL="QuireMarksZone" DESCRIPTION="block type QuireMarksZone"/><OtherTag ID="BT4946" LABEL="RunningTitleZone" DESCRIPTION="block type RunningTitleZone"/><OtherTag ID="BT4947" LABEL="DropCapitalZone" DESCRIPTION="block type DropCapitalZone"/><OtherTag ID="BT4948" LABEL="GraphicZone" DESCRIPTION="block type GraphicZone"/><OtherTag ID="BT4949" LABEL="DamageZone" DESCRIPTION="block type DamageZone"/><OtherTag ID="BT4950" LABEL="TitlePageZone" DESCRIPTION="block type TitlePageZone"/><OtherTag ID="BT4981" LABEL="CustomZone" DESCRIPTION="block type CustomZone"/><OtherTag ID="BT4982" LABEL="DigitizationArtefactZone" DESCRIPTION="block type DigitizationArtefactZone"/><OtherTag ID="BT4983" LABEL="MarginTextZone" DESCRIPTION="block type MarginTextZone"/><OtherTag ID="BT4984" LABEL="MusicZone" DESCRIPTION="block type MusicZone"/><OtherTag ID="BT4985" LABEL="SealZone" DESCRIPTION="block type SealZone"/><OtherTag ID="BT4986" LABEL="StampZone" DESCRIPTION="block type StampZone"/><OtherTag ID="BT4987" LABEL="TableZone" DESCRIPTION="block type TableZone"/>
    <OtherTag ID="LT1591" LABEL="DropCapitalLine" DESCRIPTION="line type DropCapitalLine"/><OtherTag ID="LT1590" LABEL="CustomLine" DESCRIPTION="line type CustomLine"/><OtherTag ID="LT1593" LABEL="MusicLine" DESCRIPTION="line type MusicLine"/><OtherTag ID="LT1592" LABEL="InterlinearLine" DESCRIPTION="line type InterlinearLine"/><OtherTag ID="LT1577" LABEL="HeadingLine" DESCRIPTION="line type HeadingLine"/><OtherTag ID="LT1576" LABEL="DefaultLine" DESCRIPTION="line type DefaultLine"/>
  </Tags>
  
  <Layout>
    <Page WIDTH="1840"
          HEIGHT="2840"
          PHYSICAL_IMG_NR="69"
          ID="eSc_dummypage_">
      <PrintSpace HPOS="0"
                  VPOS="0"
                  WIDTH="1840"
                  HEIGHT="2840">
        
        <TextBlock HPOS="884"
                   VPOS="228"
                   WIDTH="457"
                   HEIGHT="68"
                   ID="block_1"
                   TAGREFS="BT4946">
          <Shape><Polygon POINTS="1341 228 1341 296 884 296 884 228"/></Shape>
          
          
          <TextLine ID="line_11"
                    TAGREFS="LT1577"
                    BASELINE="893 280 1097 280 1328 280" 
                    HPOS="892"
                    VPOS="229"
                    WIDTH="434"
                    HEIGHT="69">
            <Shape><Polygon POINTS="1319 229 1295 229 1271 229 1247 229 1224 229 1200 229 1176 229 1153 229 1129 229 1105 229 1082 229 1058 229 1034 229 1011 229 987 229 963 229 940 229 916 229 892 229 892 279 892 295 1323 298 1326 279 1323 229 1319 229"/></Shape>
	    <String CONTENT="LES AMOVRS"
                    HPOS="892"
                    VPOS="229"
                    WIDTH="434"
                    HEIGHT="69"
                    WC="0.999715828895569"></String>
          </TextLine>

          
        </TextBlock>
        
        <TextBlock HPOS="547"
                   VPOS="321"
                   WIDTH="1114"
                   HEIGHT="1983"
                   ID="block_0"
                   TAGREFS="BT4943">
          <Shape><Polygon POINTS="574 324 1661 321 1660 2291 549 2304 547 328"/></Shape>
          
          
          <TextLine ID="line_0"
                    TAGREFS="LT1576"
                    BASELINE="596 369 1503 369" 
                    HPOS="596"
                    VPOS="298"
                    WIDTH="907"
                    HEIGHT="96">
            <Shape><Polygon POINTS="596 369 596 386 654 381 662 388 669 392 670 392 672 392 673 392 697 388 714 384 732 388 757 392 759 392 760 392 774 388 795 381 811 388 820 392 822 392 823 392 825 392 834 388 850 381 867 389 874 391 875 391 877 391 893 389 938 381 951 389 954 392 956 392 957 392 959 394 1036 394 1036 392 1038 392 1039 392 1039 391 1041 389 1047 383 1062 389 1065 391 1066 391 1068 391 1069 391 1071 391 1085 381 1112 389 1114 389 1115 389 1188 381 1199 391 1200 391 1200 392 1202 392 1204 392 1205 392 1215 391 1254 381 1273 391 1276 392 1278 392 1279 392 1281 392 1282 392 1282 391 1298 381 1339 381 1371 391 1372 391 1374 391 1418 383 1453 391 1454 391 1456 391 1458 391 1459 391 1459 389 1467 383 1500 392 1503 369 1503 306 1447 299 1445 299 1443 299 1429 306 1412 313 1396 306 1377 298 1376 298 1374 298 1372 298 1344 307 1322 313 1309 307 1290 298 1289 298 1287 298 1286 298 1284 298 1273 307 1264 315 1224 315 1218 307 1208 299 1208 298 1207 298 1205 298 1204 298 1202 298 1167 309 1161 310 1153 309 1121 298 1120 298 1025 298 1024 298 1022 298 997 310 991 313 987 310 975 299 973 299 972 299 937 298 935 298 863 312 848 315 815 315 812 312 793 299 792 299 790 299 789 299 787 299 785 299 766 312 765 313 759 312 706 302 705 302 703 302 702 302 689 313 688 315 596 315 596 369"/></Shape>
	    <String CONTENT="Ainſi qu’au Ciel l&#x27;eſprit des bien heureux,"
                    HPOS="596"
                    VPOS="298"
                    WIDTH="907"
                    HEIGHT="96"
                    WC="0.956009896688683"></String>
          </TextLine>

          
          
          <TextLine ID="line_1"
                    TAGREFS="LT1576"
                    BASELINE="637 435 1466 432" 
                    HPOS="635"
                    VPOS="377"
                    WIDTH="831"
                    HEIGHT="80">
            <Shape><Polygon POINTS="637 435 637 446 678 455 680 455 681 455 683 455 694 446 695 446 823 446 833 446 989 457 991 457 992 457 1016 446 1245 455 1246 455 1248 455 1249 455 1249 454 1257 448 1309 454 1311 454 1312 454 1338 444 1347 452 1347 454 1349 454 1350 454 1415 455 1417 455 1418 455 1466 443 1466 432 1461 377 1404 380 1402 380 1401 380 1385 392 1300 392 1276 380 1268 377 1267 377 1265 377 1264 377 1251 381 1221 391 1204 381 1196 378 1194 378 1193 378 1093 380 1092 380 1090 380 1085 384 1077 391 1066 384 1050 377 1049 377 1047 377 1046 377 1011 386 992 391 970 388 916 378 915 378 913 378 893 389 885 394 796 394 795 391 787 384 785 384 784 384 782 384 781 384 779 384 773 391 760 381 759 381 757 381 755 381 754 381 721 392 699 378 697 378 695 378 694 378 692 378 635 394 637 435"/></Shape>
	    <String CONTENT="N’est ententif qu’à remirer ſans ceſſe"
                    HPOS="635"
                    VPOS="377"
                    WIDTH="831"
                    HEIGHT="80"
                    WC="0.971324145793915"></String>
          </TextLine>

          
          
          <TextLine ID="line_12"
                    TAGREFS="LT1576"
                    BASELINE="639 504 1473 501" 
                    HPOS="637"
                    VPOS="446"
                    WIDTH="836"
                    HEIGHT="82">
            <Shape><Polygon POINTS="639 504 639 514 777 515 789 526 789 528 790 528 792 528 793 528 795 528 839 515 1013 515 1052 528 1054 528 1055 528 1126 514 1183 515 1194 526 1196 526 1197 526 1199 526 1341 515 1421 526 1423 526 1424 526 1473 511 1473 501 1472 462 1432 448 1431 448 1429 448 1369 460 1349 446 1347 446 1346 446 1344 446 1342 446 1300 460 1262 446 1260 446 1259 446 1257 446 1256 446 1234 460 1128 452 1126 452 1088 460 1055 446 1054 446 1052 446 991 448 989 448 987 448 970 460 951 448 949 448 948 448 946 448 945 448 923 459 912 449 912 448 910 448 908 448 907 448 841 449 839 449 817 462 804 451 803 451 801 451 800 451 798 451 777 462 721 454 719 454 718 454 684 462 670 451 669 451 667 451 665 451 664 451 637 462 639 504"/></Shape>
	    <String CONTENT="La magesté du Seigneur qui ne laiße"
                    HPOS="637"
                    VPOS="446"
                    WIDTH="836"
                    HEIGHT="82"></String>
          </TextLine>

          
          
          <TextLine ID="line_2"
                    TAGREFS="LT1576"
                    BASELINE="635 569 1436 569" 
                    HPOS="635"
                    VPOS="519"
                    WIDTH="801"
                    HEIGHT="77">
            <Shape><Polygon POINTS="635 580 694 590 695 590 796 582 855 594 856 594 915 583 959 590 961 590 962 590 964 590 964 588 972 582 1043 594 1044 594 1118 582 1120 582 1123 582 1167 590 1169 590 1170 590 1189 582 1191 582 1235 594 1237 594 1238 596 1290 596 1290 594 1292 594 1319 582 1320 582 1325 582 1404 594 1406 594 1407 594 1436 582 1436 569 1436 531 1211 530 1208 526 1188 519 1186 519 1185 519 1183 519 1181 519 1172 526 1169 528 1166 526 1156 519 1155 519 1153 519 1151 519 1150 519 1131 526 1120 530 1052 525 1011 522 1009 522 1008 522 1000 523 983 528 976 523 972 519 970 519 968 519 967 519 965 519 964 519 964 520 959 523 954 530 940 523 929 519 927 519 746 519 744 519 743 519 738 520 708 528 699 520 699 519 697 519 695 519 694 519 692 519 691 519 667 530 637 519 635 569 635 580"/></Shape>
	    <String CONTENT="Iamais les ſiens en peril dangereux."
                    HPOS="635"
                    VPOS="519"
                    WIDTH="801"
                    HEIGHT="77"
                    WC="0.986671105027199"></String>
          </TextLine>

          
          
          <TextLine ID="line_3"
                    TAGREFS="LT1576"
                    BASELINE="591 635 1320 639" 
                    HPOS="590"
                    VPOS="580"
                    WIDTH="730"
                    HEIGHT="82">
            <Shape><Polygon POINTS="591 635 590 659 691 661 692 661 694 661 702 659 722 651 732 657 735 661 736 661 738 661 740 662 796 662 796 661 837 656 897 650 929 654 945 657 946 657 991 654 1033 651 1039 654 1057 662 1058 662 1060 662 1062 662 1085 653 1092 651 1099 653 1136 662 1137 662 1139 662 1219 651 1221 651 1222 651 1235 662 1237 662 1238 662 1240 662 1241 662 1257 654 1293 662 1295 662 1297 662 1319 650 1320 639 1320 596 1202 596 1200 594 1189 583 1189 582 1188 582 1186 582 1129 582 1128 582 1126 582 1104 593 1099 594 965 594 964 591 953 582 953 580 951 580 949 580 948 580 893 591 880 593 866 590 817 580 774 580 773 580 771 580 770 580 759 590 757 590 752 590 702 580 700 580 699 580 697 580 688 588 681 593 669 588 651 582 650 582 648 582 646 582 645 582 645 583 639 588 635 591 591 588 591 635"/></Shape>
	    <String CONTENT="Ainſi ie ſuis ardant &amp; deſireux,"
                    HPOS="590"
                    VPOS="580"
                    WIDTH="730"
                    HEIGHT="82"
                    WC="0.970879413187504"></String>
          </TextLine>

          
          
          <TextLine ID="line_4"
                    TAGREFS="LT1576"
                    BASELINE="637 705 1454 705" 
                    HPOS="637"
                    VPOS="650"
                    WIDTH="817"
                    HEIGHT="78">
            <Shape><Polygon POINTS="637 705 637 719 732 719 733 719 747 728 749 728 751 728 752 728 754 728 781 721 904 728 905 728 907 728 908 728 916 721 920 719 945 721 1043 728 1044 728 1046 728 1060 722 1065 719 1150 719 1155 722 1163 728 1164 728 1166 728 1167 728 1169 728 1186 722 1194 721 1453 724 1454 705 1454 654 1301 650 1300 650 1298 650 1297 650 1287 656 1273 665 1121 665 1115 657 1107 651 1107 650 1106 650 1104 650 1069 650 1068 650 1066 650 1065 650 1054 659 1046 665 1002 665 981 661 932 650 931 650 848 662 831 664 828 662 814 651 812 651 811 651 809 651 807 651 787 662 782 665 699 665 695 664 650 653 648 653 646 653 645 653 637 659 637 705"/></Shape>
	    <String CONTENT="De contempler ma diuine maiſtreße,"
                    HPOS="637"
                    VPOS="650"
                    WIDTH="817"
                    HEIGHT="78"
                    WC="0.990873182521147"></String>
          </TextLine>

          
          
          <TextLine ID="line_13"
                    TAGREFS="LT1576"
                    BASELINE="642 773 1518 777" 
                    HPOS="640"
                    VPOS="719"
                    WIDTH="878"
                    HEIGHT="80">
            <Shape><Polygon POINTS="642 773 640 782 680 796 681 796 683 796 875 787 931 785 938 788 953 798 954 798 956 798 957 798 1009 790 1032 787 1038 790 1049 798 1050 798 1052 798 1054 799 1093 799 1093 798 1095 798 1112 792 1129 787 1200 793 1230 796 1232 796 1246 795 1290 788 1323 796 1336 799 1338 799 1339 799 1355 796 1398 788 1423 798 1426 799 1428 799 1429 799 1437 798 1472 792 1514 799 1518 777 1518 735 1450 722 1448 722 1447 722 1418 733 1398 722 1396 722 1394 722 1393 722 1366 733 1365 733 1327 722 1325 722 1323 722 1322 722 1298 733 1297 735 1227 735 1224 733 1196 721 1194 721 1193 721 1191 721 1147 732 1145 733 1082 733 1080 732 1062 722 1060 722 1058 722 1057 722 1038 730 1030 722 1030 721 1028 721 1027 721 1025 721 834 730 826 730 825 730 790 719 789 719 787 719 642 728 642 773"/></Shape>
	    <String CONTENT="Qui me remet, me guerit, &amp; m’adreße,"
                    HPOS="640"
                    VPOS="719"
                    WIDTH="878"
                    HEIGHT="80"
                    WC="0.99123828444216"></String>
          </TextLine>

          
          
          <TextLine ID="line_14"
                    TAGREFS="LT1576"
                    BASELINE="639 839 1650 845" 
                    HPOS="637"
                    VPOS="782"
                    WIDTH="1013"
                    HEIGHT="88">
            <Shape><Polygon POINTS="639 839 637 863 754 866 755 866 757 866 763 863 776 856 793 863 801 866 803 866 804 866 833 863 883 856 891 863 896 866 896 867 897 867 899 867 901 869 942 869 942 867 943 867 957 863 970 858 1118 858 1123 861 1128 866 1128 867 1129 867 1131 867 1189 869 1191 869 1193 869 1194 869 1205 861 1210 859 1240 861 1320 867 1322 867 1323 867 1344 861 1350 859 1357 861 1377 869 1379 869 1380 869 1464 861 1467 861 1470 861 1525 870 1527 870 1529 870 1551 861 1593 870 1595 870 1649 859 1650 845 1647 799 1626 801 1622 798 1608 787 1606 787 1604 787 1603 787 1601 787 1600 787 1582 798 1578 801 1574 798 1554 788 1552 788 1551 788 1549 788 1548 788 1535 798 1532 799 1519 798 1462 792 1461 792 1459 792 1458 792 1450 798 1445 801 1429 798 1365 785 1363 785 1361 785 1336 798 1331 799 1314 798 1232 787 1230 787 1229 787 1227 787 1227 788 1216 798 1213 801 1166 801 1161 798 1153 790 1151 790 1150 790 1148 790 1147 790 1145 790 1136 796 1032 784 1030 784 972 796 964 798 954 796 893 782 804 782 803 782 801 782 800 782 782 796 779 796 744 788 743 788 741 788 740 788 732 796 730 796 639 796 639 839"/></Shape>
	    <String CONTENT="Quand ell&#x27; me void trop palle &amp; douloureux."
                    HPOS="637"
                    VPOS="782"
                    WIDTH="1013"
                    HEIGHT="88"
                    WC="0.987653764181359"></String>
          </TextLine>

          
          
          <TextLine ID="line_5"
                    TAGREFS="LT1576"
                    BASELINE="587 907 1363 910" 
                    HPOS="585"
                    VPOS="853"
                    WIDTH="778"
                    HEIGHT="84">
            <Shape><Polygon POINTS="587 907 585 926 617 932 618 932 645 927 672 921 684 927 700 935 702 935 703 935 705 935 706 935 706 934 714 927 721 921 740 927 760 934 762 934 763 934 765 934 766 934 773 927 777 923 886 921 896 929 902 934 902 935 904 935 905 935 1044 937 1046 937 1047 937 1062 929 1068 926 1074 929 1090 937 1092 937 1093 937 1095 937 1096 937 1107 929 1118 923 1140 930 1144 930 1145 930 1147 930 1155 930 1200 923 1218 930 1232 937 1234 937 1235 937 1268 930 1308 923 1319 930 1325 937 1327 937 1328 937 1330 937 1361 930 1363 910 1363 870 1297 869 1281 855 1281 853 1279 853 1278 853 1210 853 1208 853 1207 853 1205 853 1205 855 1191 867 1172 855 1170 855 1169 855 1167 855 1166 855 1144 864 1128 853 1126 853 1125 853 1038 853 1036 853 1035 853 1033 853 1022 861 1009 853 1008 853 1006 853 1005 853 1003 853 976 866 946 858 945 858 943 858 942 858 940 858 931 867 844 867 833 856 833 855 831 855 830 855 828 855 826 855 789 866 749 853 747 853 746 853 744 853 743 853 743 855 729 867 688 867 673 855 672 855 670 855 669 855 667 855 645 861 632 853 631 853 629 853 628 853 626 853 587 866 587 907"/></Shape>
	    <String CONTENT="Si i’ay la mort quelque fois deſiree,"
                    HPOS="585"
                    VPOS="853"
                    WIDTH="778"
                    HEIGHT="84"></String>
          </TextLine>

          
          
          <TextLine ID="line_6"
                    TAGREFS="LT1576"
                    BASELINE="632 978 1421 975" 
                    HPOS="631"
                    VPOS="924"
                    WIDTH="790"
                    HEIGHT="76">
            <Shape><Polygon POINTS="632 978 632 990 781 1000 782 1000 784 1000 785 1000 793 994 798 990 822 994 866 998 867 998 869 998 882 994 890 990 899 994 915 1000 916 1000 918 1000 920 1000 934 994 943 989 1063 989 1096 995 1110 998 1112 998 1114 998 1120 997 1142 989 1169 997 1177 998 1178 998 1180 998 1197 997 1267 989 1279 998 1281 998 1282 998 1284 1000 1420 1000 1421 975 1418 938 1353 938 1311 924 1309 924 1308 924 1306 924 1305 924 1305 926 1292 937 1221 929 1219 929 1169 937 1145 927 1144 927 1142 927 1140 927 1139 927 1125 937 1109 926 1107 926 1106 926 1047 924 1046 924 1044 924 1019 937 943 926 942 926 940 926 894 938 893 938 875 926 874 926 872 926 837 926 836 926 834 926 833 926 812 938 811 940 779 940 776 938 716 926 714 926 713 926 678 938 650 926 648 926 646 926 645 926 643 926 631 934 632 978"/></Shape>
	    <String CONTENT="Loing ie la veux estre ores retirée,"
                    HPOS="631"
                    VPOS="924"
                    WIDTH="790"
                    HEIGHT="76"
                    WC="0.990663127319233"></String>
          </TextLine>

          
          
          <TextLine ID="line_15"
                    TAGREFS="LT1576"
                    BASELINE="634 1042 1544 1047" 
                    HPOS="632"
                    VPOS="986"
                    WIDTH="912"
                    HEIGHT="86">
            <Shape><Polygon POINTS="634 1042 632 1065 747 1055 807 1066 823 1068 825 1068 826 1068 833 1065 855 1055 968 1055 984 1065 995 1069 997 1069 998 1069 1063 1063 1133 1057 1183 1057 1194 1061 1205 1068 1207 1068 1208 1068 1346 1061 1347 1061 1366 1071 1368 1071 1369 1072 1530 1072 1530 1071 1532 1071 1533 1071 1543 1060 1544 1047 1544 1005 1423 989 1421 989 1420 989 1418 989 1398 1003 1396 1005 1325 1005 1323 1003 1290 990 1289 990 1287 990 1286 990 1252 1003 1251 1003 1237 989 1237 987 1235 987 1234 987 1147 987 1145 987 1144 987 1142 987 1142 989 1131 998 1107 987 1106 987 1000 987 998 987 997 987 972 1001 970 1001 968 1001 938 989 937 989 935 989 886 1000 845 986 844 986 842 986 841 986 789 1000 787 1001 678 1001 676 1000 669 992 667 992 665 992 664 992 634 998 634 1042"/></Shape>
	    <String CONTENT="Pour ne ſouiller ſa darde dans mon ſang."
                    HPOS="632"
                    VPOS="986"
                    WIDTH="912"
                    HEIGHT="86"></String>
          </TextLine>

          
          
          <TextLine ID="line_7"
                    TAGREFS="LT1576"
                    BASELINE="587 1113 1150 1109 1500 1115" 
                    HPOS="585"
                    VPOS="1058"
                    WIDTH="915"
                    HEIGHT="81">
            <Shape><Polygon POINTS="587 1113 587 1136 669 1124 856 1124 894 1137 896 1137 897 1137 899 1137 901 1137 902 1137 918 1124 956 1124 970 1136 970 1137 972 1137 973 1137 975 1137 976 1137 978 1137 1016 1124 1103 1124 1128 1137 1129 1137 1131 1139 1172 1139 1172 1137 1174 1137 1175 1137 1186 1126 1241 1124 1257 1134 1259 1134 1260 1134 1262 1134 1264 1134 1287 1126 1338 1137 1339 1137 1341 1137 1342 1137 1399 1129 1497 1137 1500 1115 1499 1069 1437 1060 1436 1060 1434 1060 1413 1068 1391 1058 1390 1058 1355 1058 1353 1058 1352 1058 1350 1058 1350 1060 1341 1068 1341 1069 1303 1069 1303 1068 1293 1060 1293 1058 1292 1058 1290 1058 1226 1058 1224 1058 1222 1058 1221 1058 1205 1068 1204 1069 1107 1069 1106 1068 1090 1058 1088 1058 1087 1058 1085 1058 1017 1068 1009 1068 1006 1068 978 1058 976 1058 888 1058 886 1058 885 1058 883 1058 869 1066 867 1068 858 1066 795 1058 793 1058 792 1058 765 1066 759 1068 747 1066 691 1058 689 1058 688 1058 686 1058 675 1066 673 1068 659 1066 599 1058 598 1058 596 1058 585 1063 587 1113"/></Shape>
	    <String CONTENT="Ma Dame void l’Amour que ie luy porte,"
                    HPOS="585"
                    VPOS="1058"
                    WIDTH="915"
                    HEIGHT="81"
                    WC="0.980391693742652"></String>
          </TextLine>

          
          
          <TextLine ID="line_8"
                    TAGREFS="LT1576"
                    BASELINE="629 1180 1424 1177" 
                    HPOS="628"
                    VPOS="1124"
                    WIDTH="796"
                    HEIGHT="71">
            <Shape><Polygon POINTS="629 1180 629 1192 1421 1195 1424 1177 1421 1137 1275 1124 1273 1124 1271 1124 1243 1137 1129 1137 1093 1124 1092 1124 1090 1124 1088 1124 1087 1124 1087 1126 1077 1134 1033 1126 1032 1126 1030 1126 1028 1126 1019 1134 1009 1126 1008 1126 1006 1126 945 1126 943 1126 942 1126 940 1126 926 1137 706 1126 705 1126 703 1126 676 1137 656 1126 654 1126 653 1126 651 1126 628 1137 629 1180"/></Shape>
	    <String CONTENT="Et doucement adoucit &amp; conforte,"
                    HPOS="628"
                    VPOS="1124"
                    WIDTH="796"
                    HEIGHT="71"
                    WC="0.996311767026782"></String>
          </TextLine>

          
          
          <TextLine ID="line_16"
                    TAGREFS="LT1576"
                    BASELINE="631 1246 1511 1249" 
                    HPOS="629"
                    VPOS="1191"
                    WIDTH="882"
                    HEIGHT="88">
            <Shape><Polygon POINTS="631 1246 629 1262 653 1274 654 1274 656 1274 658 1274 680 1263 777 1263 790 1274 790 1276 792 1276 793 1276 795 1278 836 1278 836 1276 837 1276 858 1265 883 1273 885 1273 886 1273 888 1273 890 1273 897 1265 907 1273 907 1274 908 1274 910 1274 912 1274 913 1274 932 1268 942 1276 943 1276 945 1276 946 1276 948 1276 979 1266 1052 1276 1054 1276 1055 1276 1084 1265 1087 1265 1142 1265 1144 1266 1161 1278 1163 1278 1164 1278 1166 1279 1219 1279 1219 1278 1221 1278 1222 1278 1222 1276 1232 1268 1292 1278 1293 1278 1295 1278 1317 1268 1325 1265 1335 1268 1355 1278 1357 1278 1358 1278 1510 1270 1511 1249 1508 1202 1437 1207 1417 1202 1383 1192 1382 1192 1380 1192 1379 1192 1360 1202 1352 1207 1347 1202 1338 1194 1338 1192 1336 1192 1335 1192 1292 1192 1290 1192 1289 1192 1287 1192 1273 1202 1264 1208 1229 1208 1207 1202 1163 1192 1161 1192 1112 1199 1039 1191 1038 1191 1036 1191 1006 1200 986 1191 984 1191 918 1191 916 1191 915 1191 888 1202 863 1191 861 1191 860 1191 858 1191 856 1191 837 1203 833 1207 675 1207 672 1205 661 1197 659 1197 658 1197 656 1197 654 1197 631 1203 631 1246"/></Shape>
	    <String CONTENT="Le coup du trait qui m&#x27;a perſé le flanc."
                    HPOS="629"
                    VPOS="1191"
                    WIDTH="882"
                    HEIGHT="88"
                    WC="0.952107212892393"></String>
          </TextLine>

          
          
          <TextLine ID="line_9"
                    TAGREFS="LT1576"
                    BASELINE="585 1385 1335 1380" 
                    HPOS="583"
                    VPOS="1319"
                    WIDTH="752"
                    HEIGHT="85">
            <Shape><Polygon POINTS="585 1385 585 1404 1333 1399 1335 1380 1331 1330 1229 1319 1227 1319 1226 1319 1189 1331 1183 1333 1175 1331 1142 1319 1140 1319 1139 1319 1137 1319 1136 1319 1136 1320 1123 1331 1121 1334 1016 1334 1013 1333 998 1322 997 1322 995 1322 994 1322 992 1322 961 1333 934 1320 932 1320 931 1320 882 1330 856 1320 855 1320 853 1320 852 1320 850 1320 850 1322 836 1333 789 1322 787 1322 785 1322 784 1322 784 1323 771 1336 770 1337 699 1337 697 1336 676 1322 675 1322 673 1322 610 1322 609 1322 607 1322 583 1333 585 1385"/></Shape>
	    <String CONTENT="Si ferme foy repoſe en ceſte veuë,"
                    HPOS="583"
                    VPOS="1319"
                    WIDTH="752"
                    HEIGHT="85"
                    WC="0.987058287007468"></String>
          </TextLine>

          
          
          <TextLine ID="line_10"
                    TAGREFS="LT1576"
                    BASELINE="624 1451 1420 1449" 
                    HPOS="623"
                    VPOS="1396"
                    WIDTH="797"
                    HEIGHT="76">
            <Shape><Polygon POINTS="624 1451 624 1472 699 1464 803 1464 811 1470 811 1472 812 1472 814 1472 815 1472 820 1472 878 1464 923 1472 929 1472 931 1472 942 1472 1013 1464 1060 1470 1069 1472 1071 1472 1095 1470 1188 1464 1224 1470 1235 1472 1237 1472 1418 1468 1420 1449 1418 1410 1404 1397 1404 1396 1402 1396 1401 1396 1399 1396 1235 1408 1215 1396 1213 1396 1211 1396 1210 1396 1208 1396 1207 1396 1207 1397 1193 1408 1139 1396 1137 1396 1136 1396 1106 1410 1039 1410 1020 1396 1019 1396 1017 1396 964 1396 962 1396 961 1396 929 1408 853 1396 852 1396 850 1396 815 1408 789 1396 787 1396 785 1396 784 1396 782 1396 762 1410 699 1410 658 1396 656 1396 654 1396 653 1396 623 1408 624 1451"/></Shape>
	    <String CONTENT="Dont la clarté fait cacher le Soleil,"
                    HPOS="623"
                    VPOS="1396"
                    WIDTH="797"
                    HEIGHT="76"
                    WC="0.988447615974828"></String>
          </TextLine>

          
          
          <TextLine ID="line_17"
                    TAGREFS="LT1576"
                    BASELINE="623 1522 970 1516 1522 1519" 
                    HPOS="621"
                    VPOS="1462"
                    WIDTH="901"
                    HEIGHT="82">
            <Shape><Polygon POINTS="623 1522 623 1533 667 1543 669 1543 670 1543 695 1533 699 1533 706 1533 776 1543 777 1544 841 1544 841 1543 842 1543 844 1543 856 1533 858 1533 927 1533 929 1533 942 1543 943 1543 945 1543 946 1543 991 1533 995 1533 1055 1533 1114 1533 1125 1543 1126 1543 1128 1543 1129 1543 1183 1535 1240 1543 1241 1543 1243 1543 1245 1543 1245 1541 1254 1533 1262 1533 1508 1543 1510 1543 1511 1543 1513 1543 1522 1533 1522 1519 1519 1462 1440 1475 1365 1473 1357 1464 1355 1464 1355 1462 1353 1462 1352 1462 1350 1462 1349 1462 1347 1462 1344 1464 1327 1476 1262 1476 1251 1467 1246 1462 1245 1462 1243 1462 1241 1462 1240 1462 1227 1467 1215 1472 1205 1467 1194 1462 1193 1462 962 1462 961 1462 959 1462 937 1472 929 1475 890 1473 806 1467 804 1467 803 1467 801 1467 792 1475 789 1476 621 1476 623 1522"/></Shape>
	    <String CONTENT="Heureux cent fois le regard nompareil,"
                    HPOS="621"
                    VPOS="1462"
                    WIDTH="901"
                    HEIGHT="82"
                    WC="0.988810148678328"></String>
          </TextLine>

          
          
          <TextLine ID="line_18"
                    TAGREFS="LT1576"
                    BASELINE="626 1588 1522 1585" 
                    HPOS="624"
                    VPOS="1533"
                    WIDTH="898"
                    HEIGHT="82">
            <Shape><Polygon POINTS="626 1588 626 1601 678 1614 680 1615 744 1615 744 1614 746 1614 787 1603 793 1601 801 1603 871 1614 872 1615 921 1615 921 1614 923 1614 924 1614 924 1612 937 1603 937 1601 940 1603 962 1612 964 1612 965 1612 967 1612 968 1612 983 1603 984 1601 1000 1603 1057 1609 1058 1609 1126 1603 1148 1601 1151 1603 1167 1610 1169 1610 1170 1610 1208 1603 1224 1599 1238 1603 1271 1612 1273 1612 1275 1612 1521 1603 1522 1585 1518 1546 1497 1546 1495 1546 1480 1533 1478 1533 1477 1533 1445 1533 1443 1533 1442 1533 1440 1533 1423 1546 1421 1547 1358 1547 1357 1546 1347 1538 1346 1538 1344 1538 1342 1538 1341 1538 1339 1538 1339 1539 1331 1546 1331 1547 1284 1547 1284 1546 1267 1533 1265 1533 1264 1533 1202 1533 1200 1533 1199 1533 1197 1533 1197 1535 1185 1546 1065 1536 1063 1536 1062 1536 1032 1547 1000 1536 998 1536 997 1536 891 1547 853 1535 852 1535 765 1535 763 1535 762 1535 760 1535 751 1544 727 1535 725 1535 724 1535 722 1535 689 1547 654 1535 653 1535 651 1535 650 1535 624 1547 626 1588"/></Shape>
	    <String CONTENT="Qui de langueur a mon ame pourueuë."
                    HPOS="624"
                    VPOS="1533"
                    WIDTH="898"
                    HEIGHT="82"
                    WC="0.985920833216773"></String>
          </TextLine>

          
          
          <TextLine ID="line_19"
                    TAGREFS="LT1576"
                    BASELINE="583 1655 1147 1651 1464 1658" 
                    HPOS="582"
                    VPOS="1599"
                    WIDTH="882"
                    HEIGHT="78">
            <Shape><Polygon POINTS="583 1655 582 1675 635 1669 697 1675 710 1677 711 1677 713 1677 714 1677 714 1675 724 1667 743 1675 746 1677 747 1677 749 1677 751 1677 759 1675 792 1667 948 1667 954 1672 959 1677 961 1677 962 1677 964 1677 1020 1672 1073 1667 1133 1670 1248 1677 1249 1677 1309 1667 1319 1667 1331 1667 1434 1677 1436 1677 1437 1677 1462 1666 1464 1658 1464 1614 1424 1599 1423 1599 1421 1599 1420 1599 1391 1612 1357 1599 1355 1599 1353 1599 1352 1599 1327 1614 1256 1614 1243 1604 1241 1604 1240 1604 1238 1604 1237 1604 1221 1612 1193 1599 1191 1599 1087 1599 1085 1599 1084 1599 1054 1612 1033 1599 1032 1599 1030 1599 923 1599 921 1599 920 1599 896 1610 841 1604 839 1604 837 1604 836 1604 826 1612 809 1599 807 1599 806 1599 804 1599 803 1599 801 1599 801 1601 789 1612 789 1614 661 1614 659 1612 601 1599 599 1599 598 1599 596 1599 583 1607 583 1655"/></Shape>
	    <String CONTENT="Heureux le trait lequel à l&#x27;impourueuë,"
                    HPOS="582"
                    VPOS="1599"
                    WIDTH="882"
                    HEIGHT="78"
                    WC="0.983364073241629"></String>
          </TextLine>

          
          
          <TextLine ID="line_20"
                    TAGREFS="LT1576"
                    BASELINE="621 1722 1608 1722" 
                    HPOS="621"
                    VPOS="1677"
                    WIDTH="987"
                    HEIGHT="74">
            <Shape><Polygon POINTS="621 1722 621 1749 672 1740 686 1749 688 1749 689 1749 691 1749 751 1741 760 1748 762 1748 763 1748 765 1748 766 1748 768 1748 777 1740 940 1740 949 1748 949 1749 951 1749 953 1749 954 1751 1092 1751 1092 1749 1093 1749 1095 1749 1107 1740 1180 1749 1181 1749 1183 1749 1205 1740 1606 1749 1608 1722 1608 1677 621 1677 621 1722"/></Shape>
	    <String CONTENT="Perſa mon cueur, heureux ce teinct vermeil,"
                    HPOS="621"
                    VPOS="1677"
                    WIDTH="987"
                    HEIGHT="74"
                    WC="0.974624854187633"></String>
          </TextLine>

          
          
          <TextLine ID="line_21"
                    TAGREFS="LT1576"
                    BASELINE="628 1792 1394 1792" 
                    HPOS="628"
                    VPOS="1737"
                    WIDTH="766"
                    HEIGHT="80">
            <Shape><Polygon POINTS="628 1792 628 1804 656 1816 658 1816 659 1817 714 1817 714 1816 716 1816 718 1816 730 1806 798 1816 800 1816 801 1816 833 1806 834 1806 836 1806 896 1816 897 1816 899 1816 926 1806 929 1806 935 1806 991 1814 992 1814 994 1814 995 1814 995 1812 1002 1808 1009 1816 1011 1816 1013 1816 1014 1816 1016 1816 1044 1806 1049 1806 1055 1808 1095 1814 1096 1814 1098 1814 1112 1808 1114 1806 1115 1808 1129 1816 1131 1816 1133 1816 1134 1816 1136 1816 1153 1808 1156 1806 1166 1808 1211 1816 1213 1816 1394 1808 1394 1792 1394 1748 1371 1737 1369 1737 1368 1737 1366 1737 1336 1748 1224 1737 1222 1737 1221 1737 1183 1746 1123 1737 1121 1737 1120 1737 1118 1737 1107 1746 1069 1737 1068 1737 1066 1737 997 1748 986 1738 986 1737 984 1737 983 1737 981 1737 943 1745 924 1737 923 1737 921 1737 866 1748 855 1738 855 1737 853 1737 852 1737 826 1737 825 1737 823 1737 801 1749 744 1749 722 1737 721 1737 719 1737 718 1737 716 1737 716 1738 705 1749 628 1749 628 1792"/></Shape>
	    <String CONTENT="Qui me ſeruit de premier apareil,"
                    HPOS="628"
                    VPOS="1737"
                    WIDTH="766"
                    HEIGHT="80"
                    WC="0.968951142195499"></String>
          </TextLine>

          
          
          <TextLine ID="line_22"
                    TAGREFS="LT1576"
                    BASELINE="624 1857 1401 1857" 
                    HPOS="624"
                    VPOS="1806"
                    WIDTH="777"
                    HEIGHT="81">
            <Shape><Polygon POINTS="624 1857 624 1872 664 1883 665 1883 667 1883 669 1883 699 1874 710 1883 710 1885 711 1885 713 1885 714 1887 814 1887 814 1885 815 1885 834 1874 836 1874 855 1885 856 1885 858 1887 912 1887 912 1885 913 1885 915 1885 931 1875 942 1883 942 1885 943 1885 945 1885 946 1887 1006 1887 1006 1885 1008 1885 1035 1875 1041 1874 1085 1874 1088 1875 1096 1883 1096 1885 1098 1885 1099 1885 1101 1885 1103 1885 1129 1875 1131 1875 1134 1875 1151 1883 1153 1883 1155 1883 1188 1877 1204 1874 1227 1877 1289 1885 1290 1885 1401 1877 1401 1857 1401 1817 1376 1808 1374 1808 1372 1808 1371 1808 1339 1819 1238 1819 1224 1806 1222 1806 1221 1806 1219 1806 1218 1806 1196 1814 1114 1806 1112 1806 1110 1806 1109 1806 1099 1816 1074 1806 1073 1806 1071 1806 1069 1806 1036 1814 1000 1806 998 1806 997 1806 995 1806 981 1817 902 1817 880 1806 878 1806 877 1806 875 1806 874 1806 864 1814 817 1806 815 1806 814 1806 787 1819 686 1819 665 1808 664 1808 662 1808 661 1808 624 1817 624 1857"/></Shape>
	    <String CONTENT="Au grief ennuy de la playe receuë."
                    HPOS="624"
                    VPOS="1806"
                    WIDTH="777"
                    HEIGHT="81"
                    WC="0.95295741558075"></String>
          </TextLine>

          
          
          <TextLine ID="line_23"
                    TAGREFS="LT1576"
                    BASELINE="579 1921 1352 1926" 
                    HPOS="577"
                    VPOS="1869"
                    WIDTH="775"
                    HEIGHT="82">
            <Shape><Polygon POINTS="579 1921 577 1934 650 1948 651 1948 653 1948 692 1937 695 1937 796 1937 806 1940 834 1950 836 1950 837 1950 918 1942 961 1939 983 1943 1005 1950 1006 1950 1008 1950 1085 1946 1202 1940 1216 1950 1218 1951 1219 1951 1221 1951 1222 1951 1224 1951 1229 1950 1246 1942 1349 1951 1352 1926 1350 1888 1268 1887 1267 1885 1251 1872 1249 1872 1248 1872 1246 1872 1193 1883 1191 1883 1188 1883 1150 1872 1148 1872 1147 1872 1106 1882 1090 1885 1079 1880 1055 1871 1054 1871 1052 1871 981 1879 932 1883 893 1875 863 1871 861 1871 860 1871 850 1875 834 1883 658 1883 645 1871 645 1869 643 1869 642 1869 579 1869 579 1921"/></Shape>
	    <String CONTENT="Heureux außi ce viſage tant beau,"
                    HPOS="577"
                    VPOS="1869"
                    WIDTH="775"
                    HEIGHT="82"
                    WC="0.997130356051705"></String>
          </TextLine>

          
          
          <TextLine ID="line_24"
                    TAGREFS="LT1576"
                    BASELINE="624 1994 1516 1991" 
                    HPOS="623"
                    VPOS="1939"
                    WIDTH="893"
                    HEIGHT="75">
            <Shape><Polygon POINTS="624 1994 624 2008 1500 2014 1502 2014 1503 2014 1505 2014 1516 2005 1516 1991 1513 1953 1440 1953 1406 1939 1404 1939 1402 1939 1336 1951 1204 1943 1202 1943 1090 1951 1063 1940 1062 1940 1060 1940 1008 1948 984 1940 983 1940 981 1940 979 1940 978 1940 978 1942 965 1951 885 1942 883 1942 882 1942 880 1942 866 1951 836 1940 834 1940 721 1940 719 1940 718 1940 716 1940 695 1953 648 1946 646 1946 645 1946 623 1954 624 1994"/></Shape>
	    <String CONTENT="Qui fait entrer les hommes au tombeau,"
                    HPOS="623"
                    VPOS="1939"
                    WIDTH="893"
                    HEIGHT="75"
                    WC="0.984380260894173"></String>
          </TextLine>

          
          
          <TextLine ID="line_25"
                    TAGREFS="LT1576"
                    BASELINE="623 2062 1519 2059" 
                    HPOS="621"
                    VPOS="2006"
                    WIDTH="898"
                    HEIGHT="81">
            <Shape><Polygon POINTS="623 2062 623 2074 1068 2087 1069 2087 1071 2087 1099 2073 1101 2073 1110 2073 1218 2085 1219 2085 1221 2085 1243 2074 1466 2085 1467 2085 1469 2085 1519 2071 1519 2059 1516 2021 1448 2021 1448 2019 1428 2006 1426 2006 1424 2006 1423 2006 1421 2006 1387 2019 1383 2019 1193 2011 1191 2011 1189 2011 1167 2017 1155 2006 1153 2006 1151 2006 1150 2006 997 2019 972 2021 962 2019 920 2008 918 2008 916 2008 867 2017 842 2010 841 2010 839 2010 837 2010 836 2010 823 2019 820 2022 795 2022 792 2019 779 2008 777 2008 776 2008 774 2008 724 2019 711 2021 700 2019 656 2010 654 2010 653 2010 621 2017 623 2062"/></Shape>
	    <String CONTENT="Puis les en ſort &amp; fait heureux reuiure."
                    HPOS="621"
                    VPOS="2006"
                    WIDTH="898"
                    HEIGHT="81"
                    WC="0.974843101203442"></String>
          </TextLine>

          
          
          <TextLine ID="line_26"
                    TAGREFS="LT1576"
                    BASELINE="574 2131 1532 2128" 
                    HPOS="572"
                    VPOS="2073"
                    WIDTH="960"
                    HEIGHT="75">
            <Shape><Polygon POINTS="574 2131 574 2148 1530 2148 1532 2128 1527 2074 1475 2085 1404 2074 1393 2073 1391 2073 1390 2073 1388 2073 1388 2074 1377 2085 1295 2085 1243 2074 1234 2073 1232 2073 1207 2074 1106 2082 1032 2074 1024 2074 1022 2074 1020 2074 1019 2074 995 2088 860 2088 804 2074 800 2074 798 2074 796 2074 795 2074 768 2087 727 2074 724 2074 722 2074 721 2074 719 2074 718 2074 686 2087 572 2076 574 2131"/></Shape>
	    <String CONTENT="Moy plus heureux de cognoistre mon heur"
                    HPOS="572"
                    VPOS="2073"
                    WIDTH="960"
                    HEIGHT="75"
                    WC="0.980780369196183"></String>
          </TextLine>

          
          
          <TextLine ID="line_27"
                    TAGREFS="LT1576"
                    BASELINE="618 2194 1448 2199" 
                    HPOS="617"
                    VPOS="2141"
                    WIDTH="831"
                    HEIGHT="80">
            <Shape><Polygon POINTS="618 2194 617 2210 749 2210 760 2213 777 2218 779 2218 781 2218 814 2213 833 2210 850 2213 878 2218 880 2218 882 2218 883 2218 890 2213 896 2210 940 2213 1030 2219 1032 2219 1033 2219 1035 2219 1043 2213 1044 2212 1052 2213 1076 2219 1077 2219 1079 2219 1120 2213 1134 2212 1142 2213 1169 2221 1170 2221 1172 2221 1447 2213 1448 2199 1447 2159 1289 2144 1287 2144 1286 2144 1251 2158 1237 2145 1237 2144 1235 2144 1234 2144 1170 2142 1169 2142 1167 2142 1166 2142 1144 2156 1090 2147 1088 2147 1027 2156 1009 2142 1008 2142 1006 2142 979 2142 978 2142 976 2142 975 2142 975 2144 961 2156 959 2158 896 2158 888 2156 792 2141 766 2141 765 2141 763 2141 762 2141 744 2155 722 2145 721 2145 719 2145 683 2153 650 2141 648 2141 646 2141 645 2141 618 2153 618 2194"/></Shape>
	    <String CONTENT="Et malheureux ſi iamais ſuis deliure,"
                    HPOS="617"
                    VPOS="2141"
                    WIDTH="831"
                    HEIGHT="80"
                    WC="0.976241224520915"></String>
          </TextLine>

          
          
          <TextLine ID="line_28"
                    TAGREFS="LT1576"
                    BASELINE="613 2267 1495 2267" 
                    HPOS="613"
                    VPOS="2213"
                    WIDTH="882"
                    HEIGHT="100">
            <Shape><Polygon POINTS="613 2267 613 2294 792 2294 795 2294 826 2311 828 2311 830 2313 938 2313 938 2311 940 2311 942 2311 953 2303 1020 2311 1022 2311 1024 2311 1025 2311 1044 2295 1047 2294 1121 2297 1181 2298 1197 2311 1199 2311 1200 2311 1202 2311 1256 2301 1350 2309 1352 2309 1353 2309 1355 2309 1355 2308 1365 2300 1401 2303 1402 2303 1404 2303 1420 2298 1434 2294 1443 2298 1462 2308 1464 2308 1466 2308 1467 2308 1495 2298 1495 2267 1495 2224 1436 2224 1436 2223 1426 2215 1426 2213 1424 2213 1423 2213 1421 2213 1420 2213 1396 2223 1394 2224 1305 2224 1305 2223 1295 2215 1295 2213 1293 2213 1292 2213 1290 2213 1226 2221 1205 2213 1204 2213 1202 2213 1200 2213 1199 2213 1188 2221 1186 2223 1178 2221 1133 2215 1131 2215 1096 2221 1088 2223 1082 2221 1060 2213 1058 2213 1057 2213 1009 2221 997 2223 991 2221 968 2213 967 2213 965 2213 964 2213 945 2221 937 2224 885 2224 882 2219 874 2213 872 2213 871 2213 869 2213 815 2219 789 2223 613 2219 613 2267"/></Shape>
	    <String CONTENT="Ou pareſſeux de vous porter honneur."
                    HPOS="613"
                    VPOS="2213"
                    WIDTH="882"
                    HEIGHT="100"></String>
          </TextLine>

          
        </TextBlock>
        
        <TextBlock HPOS="1484"
                   VPOS="2287"
                   WIDTH="167"
                   HEIGHT="79"
                   ID="block_2"
                   TAGREFS="BT4945">
          <Shape><Polygon POINTS="1651 2287 1651 2366 1484 2366 1484 2287"/></Shape>
          
          
          <TextLine ID="line_29"
                    TAGREFS="LT1576"
                    BASELINE="1497 2341 1638 2335" 
                    HPOS="1494"
                    VPOS="2287"
                    WIDTH="144"
                    HEIGHT="78">
            <Shape><Polygon POINTS="1497 2341 1497 2365 1638 2350 1638 2335 1633 2287 1562 2297 1544 2295 1510 2290 1508 2290 1507 2290 1505 2290 1494 2295 1497 2341"/></Shape>
	    <String CONTENT="Ne de"
                    HPOS="1494"
                    VPOS="2287"
                    WIDTH="144"
                    HEIGHT="78"
                    WC="0.998481023311615"></String>
          </TextLine>

          
        </TextBlock>
        

        
      </PrintSpace>
    </Page>
  </Layout>
</alto>
