1852 2852
247 199 617 70 D'OL. DE MAGMY.

1155 201 67 66 24

55 282 760 88 Ne de la mort la cruelle pointure,

95 350 767 88 Ne la fureur du temps malicieux,

93 418 788 89 Ne la colere, ou la rage des Cieulx,

88 489 812 87 Et moins l'effort de la mere Nature,

60 552 889 94 Greſles, & vens, orage, & malfaicture,

98 624 891 92 Cruaulté grande, eſloignement de lieux,

98 692 935 90 Ne le pouoir preſque des meſmes Dieux,

98 760 988 94 Rompre pourroit de mon cueur la cloſture.

58 828 652 89 Enuironné il est d’vne penſée

95 895 785 93 A ma Déeße inceſſamment dreßée,

106 968 856 85 Tàchant gaigner l'heur de ſon amytié:

65 1037 892 87 Et hault chantant ſes perfections rares

104 1107 871 86 Getter ſon loz au climat des Barbares,

112 1177 817 95 Sondant touſiours le gué de ſa pitié.

68 1308 848 95 Le ſage, doux, cher, & diuin regard,

96 1381 934 89 Duquel on fit de mon cueur la conqueste,

104 1452 823 88 Lors qu’enyuré i’oſay dreßer la teſte

107 1521 968 88 Pour voir le feu qui m’aiguillonne & ard,

72 1590 771 89 Me fait ſembler ores vn Leopard,

128 1660 745 87 Qui agité de fureur ne s’arreste,

114 1728 834 87 Puis tout à coup vne craintiue beſte,

115 1795 926 93 Qui de ſon creux de tout le iour ne part.

76 1864 740 91 Ore ie ſuis vn ſecond Democrite,

110 1931 827 90 Ores la mort i’ay en ma face eſcrite,

114 2002 840 87 Or' le vermeil qui embellit les fleurs.

80 2070 746 95 Ore en plaiſir, ore en melancolie,

117 2137 878 90 Libre, & captif, me deſtache & relie,

120 2207 1024 111 Baignant ſes raiz dans la mer de mes pleurs.

1025 2283 134 73 Lors
