1852 2840
866 195 452 71 LES AMOVRS

596 280 883 86 Lors que ces yeux, le nid de ta rigueur,

645 350 799 83 Seront laßez de me faire la guerre,

639 416 924 84 Et que la mort m’aura mis ſouz la terre,

641 485 985 87 Froid, palle, & vain, ſans ame, ne vigueur.

592 553 881 78 Sur mon tombeau n’arriue la langueur,

634 621 843 81 Ains à iamais pas entrelaz y erre

633 687 896 89 L’ombrageux pié du verdiſſant Lyerre,

633 760 783 79 Et du matin la plus douce liqueur.

587 825 838 88 L’Amome außi, & le Mastic y naiße,

639 893 767 86 A celle fin que l’abeille s’en paiße,

636 962 846 76 Pour puis apres y repandre ſon miel.

587 1028 988 87 Et deux fois l'an par voeu (qui ne ſe rompe)

625 1099 867 78 Les doctes ſeurs deſcendantes du Ciel,

631 1167 892 84 Y viennent voir ceste nouuelle pompe.

579 1295 965 90 Les vns diront ces beaux cheueux de ſoye,

607 1371 840 82 Autres ces yeux, le Dieu mon ſoucy,

626 1440 788 80 Autres la main, & ces perles außi,

625 1503 841 87 Puis ce Rubiz qui, ſi riche, flamboye.

577 1571 945 87 L’enfant Amour, le Dieu qui me guerroye,

623 1648 936 76 Ne veult leur blanc par moy eſtre noircy,

618 1705 823 87 De ce pied ſeul il veult voir éclercy,

618 1776 938 85 L'honneur caché, qui ma Dame tournoye.

576 1846 846 82 O gentil pié, qui portes en tous lieux,

620 1912 883 88 Ce corps parfait, le miracle des Dieux,

615 1980 738 86 Duquel depend ma felicité forte.

573 2051 917 85 Sur toy s’aßied, & prend ſon mouuement

622 2118 840 89 Celle qui peult d’vn regard ſeulement

615 2188 730 101 Reßuſciter vne perſonne morte.

1462 2267 180 87 Quand
