1852 2852
396 234 610 76 D'OL. DE MAGNY.

1264 237 62 109 25

150 312 1023 93 Quand Apollon, ce grand Dieu qui compaſſe

188 385 883 83 L’an par ſaiſons, guide ſon char doré,

183 453 857 79 Deuers l'archer, d’vn teinct deſcoloré

185 521 858 84 La terre adonq' s’ammantelle la face.

136 590 889 84 Le vert email des campaignes s’efface,

176 663 834 78 L’eau s’endurcit en christal honoré,

174 720 961 97 L’honneur des bois s’en va comme eſploré,

182 795 820 89 Tout ſe noircit, ſe pallit, ou ſe paße.

133 865 967 85 Mais la rigueur d’aucun froidureux temps

176 936 995 87 Ne peult ſecher ma Dame en ſon printemps

172 1001 941 89 Oeilletz & lys croiſſent touſiours en elle.

130 1069 857 90 Et tout ainſi que toute aſpre froideur,

169 1142 925 85 Ne luy peult nuire, ainſi de mon ardeur,

164 1207 850 89 Maugré l'yuer, la flamme eſt eternelle.

125 1342 793 88 L’eſpoir certain de m’immortalizer

164 1419 755 79 Par l'eternel de ta gloire durable,

156 1486 849 84 Et l'ondoyant de ton bruyt admirable,

161 1555 837 89 Et tes vertuz qu’on ne peut épuyſer,

125 1620 735 78 Fait que mes vers i’oſe fauoriſer

152 1689 919 83 Du ſaint honneur de ton nom venerable,

149 1757 998 90 Diuin RONSAR D, que le ciel fauorable

145 1830 853 84 Orne ſoigneux des dons plus à priſer.

120 1896 820 82 Ainſi l'orgueil de ma fiere Maistreße

153 1961 857 90 Flechiße au choc de ma dure deſtreſſe,

153 2032 915 86 Et mes trauaux me ſoient recompenſez,

114 2104 965 82 Ainſi tes yeux, quand d’ennuy tu te priues,

144 2173 924 81 Daignent ficher leurs œillades plus viues

144 2241 862 92 Deßus ces vers, ſans en eſtre offencez.

757 2327 50 82 E

975 2324 142 74 Ce ne
