1852 2840
751 235 437 72 LES AMOVRS

505 304 808 103 Ce ne fut oncq' l'acord de ceſte voix

566 373 853 98 Qui tient des Dieux la liberté captiue,

560 449 769 87 Ce ne fut oncq' ceſte beauté naiue

558 503 1027 106 Domtant tous cueurs ſouz le ioug de ſes loix,

521 582 873 90 Ce ne fut oncq' l'adreſſe de ces doigtz,

563 646 764 95 Ne le vermeil de ceſte glace viue,

566 717 818 89 Ceste doulceur ſi chaſtement laßiue,

569 785 796 89 Ne ces Rubis, ne ces zephires coiz,

532 852 920 96 Qui ma raiſon, ma franchiſe, & mon ame

573 923 829 88 Mielleuſement eſclauerent ma Dame,

577 989 733 80 Au Paradis de ta doulce priſon,

530 1047 845 101 C’est ton eſprit celeſte, & admirable,

596 1118 806 90 Qui me rendit heureux & miſerable

585 1189 708 93 Par l'aualer d’vne ſaine poiſon.

543 1319 832 104 Deſia l'ardeur qui mes ſens forcenoit

577 1396 798 93 Aparoißoit demy morte en ſa flame,

573 1467 727 88 Et le lyen qui captiuoit mon ame

577 1528 867 98 Preſque rompu ſi fort ne m’encheſnoit,

554 1598 882 93 Vn autre Dieu que l'archer m'enſeignoit

595 1667 908 90 A trop ſoigneux ſeruir vne autre Dame,

595 1737 860 90 Et dedaignant la fleche qui m’entame,

590 1806 800 87 Feu, ne filé, mon ame ne craignoit:

558 1874 848 90 Quand de ces yeux la lumiere iumelle,

603 1937 806 92 Et de ce chef la perruque tant belle,

603 2006 821 94 Ardre, & lyer me vindrent de rechef

557 2071 868 100 Si fermement, qu’empriſonné ie bruſle,

604 2141 816 99 Sans nul eſpoir de voir iamais à chef

604 2210 771 117 Le mal tiſſu, qui de moy ne recule.

1334 2283 109 99 Si le
