1528 2430
303 131 1141 134 non ſeulement excuſer les imper¬

308 224 1145 136 fections d’iceluy, mais auſſi con¬

314 334 1147 115 ſiderer l’extreme honte & regret

322 443 1133 113 que i’auoye, & que i’ay encores,

328 530 1135 118 que choſe de ſi peu de valeur, vous

330 613 1135 132 auoit eſté preſentée. A laquelle

336 726 1131 106 honte m’en eſt ſuruenue vne au¬

340 820 1133 107 tre autant ou plus grande, par ce

340 915 1129 127 qu’on m'a aduertie, que depuys

340 1006 1135 130 quelques iours, ces miens petits

350 1105 1125 120 vers, ſans mon ſçeu, & plus encore

352 1196 1125 114 contre ma volonré, auoiẽt eſté im

360 1296 1111 129 primez. A quoy n’aiant peu obte¬

352 1387 1119 127 nir de mettre aucun empeſche¬

356 1496 1117 111 ment, ſeulement m’a eſté permis,

362 1579 1115 128 auant qu’ils feuſſent diſperſez, de

358 1674 1121 128 dire à qui ie les vouloye dedier. Ce

360 1773 1115 130 qu’apres auoir cõſideré, Monſei¬

374 1875 1105 129 gneur, i’ay penſé (encores qu’ils

364 1966 1119 135 ſoient du tout indignes de voſtre

1331 2053 140 105 illu¬
