1514 2455
116 163 1129 125 illuſtriſſime grandeur) que ie ne

116 272 1127 114 les pourroye iuſtement preſenter

116 368 1123 112 à autre qu’àceluy qui ia leur auoit

108 458 1133 114 faict tant d’hõneur, que de les prẽ¬

110 560 1125 108 dre en bonne part: & principale¬

104 656 1135 107 ment veu que l’affection que vous

108 748 1131 109 auez eue de tout temps à la defen¬

108 842 1133 115 ce de la foy, en auoit eſté le ſeul ar

114 943 1127 98 gument & ſuiect. Car ne pouuãt

106 1037 1131 94 aſſes admirer telle vertu, dõt prin¬

106 1129 1139 104 cipalemẽt vous auiez rẽdu ſi bon

106 1233 1133 100 teſmoignage en ce lieu, ie ne m'e¬

106 1323 1139 111 ſtoye ſceu garder d’ẽ mettre quel¬

110 1417 1133 111 que choſe par eſcript, ores que ie

100 1511 1145 103 feuſſe inſuffiſante pour telle entre

110 1608 1135 112 priſe. En quoy Monſeigneur, ſi

96 1706 1152 112 i'ay vſé de quelque temerité, ie

106 1798 1148 112 vous ſupplie treshumblement, me

104 1898 1146 104 pardonner, veu qu’elle n’eſt pro¬

98 1996 1154 107 cedée que d’vne bonne & droicte

910 2119 51 65 a

1012 2115 39 106 3
