1497 2430
293 168 551 85 Au ſon de mes petits vers,

295 236 596 73 Leur feit vn œil fauorable,

293 297 636 85 Pour plus ſe rendre admirable

287 372 529 85 A tout ce grand Vniuers.

382 435 657 83 Car qui iamais eust ſceu croire,

303 498 640 83 Qu’vn prince digne entre tous

307 564 647 77 De los, d’honneur & de gloire,

303 637 564 71 Fuſt ſi courtois & ſi doux,

303 694 610 89 Qu’il daignaſt iecter ſa veüe,

297 771 565 77 Sus choſe tant deſpourueüe

297 838 572 71 De toute grace & ſçauoir?

303 897 535 75 Et par ſa faueur benigne,

303 955 618 87 Combien qu'elle fuſt indigne,

305 1026 525 81 Pour agreable l’auoir?

370 1091 503 79 Dont ie ſuis ſi redeuable

303 1156 412 85 Et obligée à iamais

316 1219 640 79 Que ie veux Prince honorable

309 1287 555 81 Vous loüanger deſormais:

307 1352 685 89 Ha mon Dieu que veux- ie faire:

311 1419 448 75 Seray-ie ſi temeraire

311 1482 551 89 D'aſſaillir ceste grandeur,

313 1547 766 97 Qui plus hault que les Cieux monte,

307 1620 572 74 Et qui pourroit faire honte

313 1682 592 83 A Phœbus par ſa ſplendeur?

384 1743 551 87 Veux-ie faire l’impoßible

313 1812 503 83 Et ſur le grauois ſemer?

320 1873 642 91 Veu qu'il ſeroit mieux poßible

316 1948 557 95 D'épuiſer toute vne mer?
