1490 2455
75 118 606 102 Que ma voix debile & baſſe

73 194 645 94 Peust chanter la moindre grace

75 265 455 78 Dont celuy eſt decoré,

75 329 565 92 Duquel la docte eloquence,

71 400 561 76 Fera renaiſtre en la France

83 460 453 86 Vn ſecond ſiecle doré.

135 529 534 82 Et ſi pour ceste entrepriſe

77 597 473 94 Ne ſont aſſez ſuffiſants

77 671 657 94 Les beaux vers que tant ie priſe

79 736 498 70 Des Poëtes bien diſants:

81 801 614 80 Comment eſt-ce que ma Muſe

79 867 487 74 Tant ignorante s'amuſe

83 932 496 80 A conceuoir tel proiect?

83 996 631 86 Veu qu'ell' est ſans nul merite,

85 1072 621 77 Et trop pauure & trop petite

85 1129 477 78 Pour vn ſi riche ſuiect?

143 1198 575 86 Ne pouuant donc ſatisfaire

88 1268 540 82 Comme i’auroy' bien deſir

92 1335 585 78 Contraincte ſuis de me taire

90 1397 423 73 Et le ſilence choiſir:

88 1475 624 81 Mais pour le moins ie propoſe,

96 1534 550 84 Ne me restant autre choſe,

98 1599 561 86 Que i’admireray touſiours

94 1669 565 82 Ces dons & graces inſignes

98 1736 532 80 De mille loüanges dignes,

104 1779 694 101 Qui vont croiſſant tous les iours.

159 1863 631 78 Et pour les rendre immortelles

102 1929 573 104 Et les combler de tout heur,
