1503 2455
397 163 346 107 SONET.

81 292 959 88 Quelle nouuelle fleur apparoist à nos yeux?

36 364 989 86 D'ou vient ceste couleur, ſi plaiſante & ſi belle?

36 429 924 88 Et d’ou vient ceſte odeur paſſant la naturelle,

36 499 996 88 Qui parfume la terre, & va iuſques aux cieux?

75 552 764 98 La roſe, ny l'oillet, ny le lis gracieux,

38 628 994 88 D'odeur ny de couleur ne ſont rien aupres d’elle:

32 691 997 92 Aux iardins de Poiſſy croiſt ceſte fleur nouuelle,

32 765 903 81 Laquelle ne ſe peut trouuer en autres lieux.

79 826 1043 102 Le printemps & les feurs ont peur de le froidure,

36 889 873 86 Ceste diuine fleur eſt touſiours en verdure,

36 959 1051 82 Ne craignant peint l’hyuer qui les herbes destruict:

94 1031 929 92 Außi Dieu pour miracle en ce monde la miſe,

36 1090 922 92 Son printemps eſt le ciel, ſa racine eſt l'Egliſe,

36 1157 977 115 Sa foy & œuures ſon ſes fueilles & ſon fruict.

202 1278 975 129 D. DE RONSARD VANDOMOIS.
