1482 2443
32 504 1154 106 SONETS A LA LOV¬

95 604 1095 110 ANGE DES REVERENS

87 690 1103 99 Prelats & Docteurs aſſemblez à Poiſſy, ſur le

95 759 869 85 faict de la Religion, M. D. LXI.

515 891 675 98 Souuerain aucteur de la terre

566 977 302 71 & des cieux,

515 1034 669 87 Duquel la ſapience on voit par

550 1097 279 63 tout reluire.

521 1150 659 97 Tu ſcais combien (helas) ie ſou¬

556 1223 357 81 haitte & deſire

507 1286 671 100 celebrer ton ſainct nom tant di.

558 1361 373 84 gne & precieux:

34 1425 926 83 Principalement lors que i’ay deuant les yeux

36 1494 901 81 Ton immenſe bonté, que i’adore & admire:

26 1551 850 87 Laquelle nous voulanten vnion reduire,

34 1620 791 88 A repoußé l'erreur le plus pernicieux:

32 1683 938 92 Mau oſeray-ie bien ſans eloquence & grace,

32 1750 922 88 Peſcrire par mes vers ceſt œuure qui ſurpaſſe

34 1815 905 90 Les forces & les nerfs de mon entendement?

34 1879 836 91 Ouy certes mon Dieu: car ie ſuis aſſeurée,

34 1946 899 91 Que ta ſaincte bonté grande & immeſurée,

38 2013 865 120 Ne demande ſinon que le cuer ſeulement.

866 2086 59 98 A
