1509 2451
312 165 1088 116 Or pour mieux commencer ceſte heureuſe entrepriſe,

249 249 900 96 Ie veux premierement inuoquer en ce lieu

247 314 936 88 Pour ma ſaincte Clio, la grace de mon Dieu,

261 379 959 98 Qui ſeule rend la voix diſerte & bien apriſe.

261 449 992 90 Diuine Muſe doncq, que tant i’honore & priſe,

263 510 935 88 Guide de ces miens vers, la fin, & le millieu,

263 578 910 96 Et le principe außi, me faiſant dire A-Dieu

267 643 982 84 A tout ce qui pourrois deſtournez mon empriſe,

267 702 1080 96 Chaſſe bien loing de moy l'ignorance & la craincte,

276 778 836 88 Que par elles ne ſoit abolie & eſteincte

273 845 874 80 L’affection que i’ay de mon dire auancer.

276 904 885 96 Ha Muſe i’appercoy l'effect de ton adreſſe:

276 976 768 84 Car ie ſens vn deſir & vne hardieſſe

288 1045 1067 88 Qui m’augmente le cueur: ie vay donc commencer.

349 1166 1016 94 Comme vn tour ie faiſoye vne triſte complaincte

292 1233 949 96 A ce bon Dieu qui eſt l'aſſeurance & l'appuy

294 1307 973 71 De toux ceux qui ont mis leur eſperance en luy,

296 1366 996 94 Qui inuoquent ſon nom d’affection non feincte,

296 1427 945 98 Luy diſant: O ſeigneur, voy ton egliſe ſaincte

296 1497 908 79 Comblée de douleux, de triſteſſe & d’ennuy

296 1564 971 80 Pour les ſeditions & troubles d’auiourd’huy,

302 1629 996 84 Dont principalement noſtre France eſt atteincte,

298 1701 994 82 I’entendi vne voix qui me diſt: Ne craind point,

300 1760 935 92 Aſſeure toy que Dieu ha ſi grand ſoucy d’elle,

304 1825 935 90 Qu'il ne la laiſſera en vn ſi faſcheux poinct,

300 1893 963 80 Sans ſe monſtrer bien toſt veritable & fidele.

310 1956 1029 84 Et pour cecy mieux croire & n'en doubter en rien

300 2028 859 112 Ie te vay figurer & ſon mal, & ſon bien.
