1482 2443
116 156 921 106 Jors ie vei vne nue eſpoiſſe & bien obſcure,

59 242 976 85 Qu'vn brouillas peſtifere & puant conduiſoit,

59 307 974 92 Qui ſoudain obſcurcit le beau iour qui luiſoit,

55 390 964 74 Donnant craincte & terreur à toute creature:

50 441 991 84 Ce pendant la pluſpart marchoient à l’auenture,

50 504 897 86 Et a peine vn d’entre eux le chemin auiſoit:

50 570 926 91 L'vn tomboit en la foſſe, & l'autre ſe briſoit

50 643 912 81 Contre quelque rocher ou autre pierre dure.

46 714 965 79 Mais quelque temps apres ie vei au firmament

50 767 873 88 Les celeſtes flambeaux luire ſi clairement,

53 836 911 88 Qu’ils feirent eſcarter ceſte tant noire maſſe.

46 901 818 88 Puis ie vei le ſoleil en ſon luiſant ſeiour,

55 977 815 73 Qui l’obſcur effacea, & ramena le iour

50 1034 885 95 Par les diuins rayons de ſa tant claire face.

116 1164 994 96 Scondement ie vei grand nombre de gendarmes

53 1231 729 82 Qui voulans ruiner vne belle cité,

46 1298 834 88 La vindrent aßieger contre toute equité,

50 1364 1085 89 Luy donnants ſans ceſſer maints aſſaults & alarmes:

50 1433 1081 87 Ce pendant on n'oyoit que pleurs, ſouſpirs & larmes

50 1494 832 91 De ceulx qui reſſentoient ceſte infelicité,

48 1563 873 90 Et ce qui augmentoit leur grand'aduerſité,

48 1632 1136 90 C'eſtoit qu’il n’auoient gents aſſez inſtruicts aux armes:

48 1693 1007 90 Mais leur Roy ayant ſceu tout ce pireux diſcours,

42 1758 985 88 Enuoya promptement pour leur donner ſecours

48 1830 1007 87 Vn gentil eſcadron, ſoubs la charge & conduicte

48 1891 871 87 D'vn prince genereux: qui ſi bren defendit

46 1956 956 90 La ville & le païs, qu’en peu d’heure il rendit

48 2021 936 108 Les habitants en paix, & les autres en fuitte.

854 2115 110 81 A 2
