1489 2445
352 156 784 108 Et pour la tierce fois, ie vei en viſion

297 244 1030 82 Vn dragon merueilleux grand &x eſpouuentable,

295 311 861 84 Ayant la tyrannie & cruauté ſemblable

299 376 912 84 A celuy dont ſainct Iean a faict deſcription:

299 444 930 85 Il iectoit feu & flambe & grand' infection,

303 513 961 77 Tirant apres ſa queüe vn monde innumerable

303 574 1006 88 De gents, qu’il conduiſoit à tourment perdurable

310 641 842 84 Au grand lac de miſere & de perdition.

310 709 1038 83 Puis vn ange ie vei plus beau qu’on ne peut croire,

310 776 913 87 Estant accompaigné d’autres diuins eſprits,

316 843 881 86 Qui de ce ſier dragon emporta la victoire,

303 908 939 88 Chaſſant luy & les ſiens du celeſte pourpris:

316 975 889 86 Lors la ioye fut grande, en ſorte que de tous

316 1041 893 85 Fut ouy reſonner vn chant ſuaue & doux.

375 1157 991 96 Or ca (me dist la voix) ie te veux faire entendre

314 1240 742 88 Ce que ces viſions veulent ſignifier,

318 1304 909 79 Pour mieux ton esperance en Dieu fortifier,

312 1367 995 81 Duquel en tous ennuis on doit ſecours atiendre:

316 1436 966 77 Ceſte nue & brouillas que tu as veu s’eſtendre,

316 1503 922 80 C’eſt l'erreur qus viendra preſqu'à mortifer

318 1570 750 84 La lumiere de foy, qui peur certifier

312 1632 1068 93 Des choſes que l'eſprit ne ſçauroit bien comprendre

316 1703 885 73 Toutesfois ce chaos long temps ne durera:

316 1764 854 84 Car Dieu par ſa bonté bien toſt luire fera

314 1833 952 74 Des prelats & Docteurs, la vertu & ſcience:

318 1900 954 88 Et d’vn par deſſus tous, que i’eſgale au Soleil,

316 1968 950 81 Pour la doulce faconde & ſcauoir nompareil,

314 2033 877 94 Dont il eſclaircira tout ce pays de France.
