1491 2443
130 152 857 114 La ſeconde figure eſt quaſi tout de meſme:

54 240 762 91 Car ceſte cité eſt l'Egliſe du Seigneur,

54 303 927 93 Le tabernacle ſainct, & le temple d'honneur,

59 368 843 102 Qu'il s'eſt edifié & conſacré luy-meſme:

57 431 1059 102 Lá ſont ces beaux threſors, ſon ſceptre & diademe,

65 504 973 96 Que veulent abolir par grand rage & fureur

59 570 1008 91 Gents pleins d'ypocriſie, & de vice & d’erreur,

59 639 845 89 Armez de pied en cap de malice ſupreme.

54 706 1007 87 Mais ce Roy ſouuerain qui voit tout de la hault,

57 765 922 96 Et qui iamais aux ſiens au beſoin ne defauſt,

57 834 831 94 Enuoyra garniſon equippée au poßible,

59 897 926 96 Ayant vn chet ſi ſage & d’vn ſi gentil cueur,

59 967 981 95 Qu'eſtant par ſa vertu des ennemis vainqueur,

52 1032 783 89 La cité ſe verra aſſeurée & paiſible.

154 1152 860 100 Tiercement le dragon qui s'eſt repreſenté

61 1233 770 80 En vne ſi eſtrange & horrible figure,

73 1296 988 92 Duquel ne procedoit que feu, flambe & ordure,

71 1364 851 79 Et dequoy tout le monde eſtoit eſpouenté:

65 1431 935 87 Ceſt eſprit de blaspheme, orgueilleux, euenté,

67 1494 949 85 Seduiſant les humains par ſa parolle impure:

77 1563 886 86 Oui oſera vomir pour faire à Dieu iniure,

65 1630 953 82 Le plus meſchant erreur qui fut oncq inuenté:

73 1697 857 84 Et par l’Ange i’entend ce prince gracieux,

73 1760 925 86 Suyui de bons eſprits deſquels le renom vole,

77 1830 790 81 Qui du cruel dragon ſera victorieux,

69 1891 912 83 Par le glaiue trenchant de la ſaincte Parole:

75 1964 947 77 Faiſant qu’à l’aduenir, ne pourront auoir lieu

77 2025 884 104 Ce monſtre ny les ſiens en l'Egliſe de Dieu.

916 2094 92 86 A 3
