1489 2445
389 148 859 88 Et comme apres ce faict tu as ouy chanter

307 218 931 89 Vn million de voix, pour vn trophée inſigne,

305 291 945 85 Croy veritablement, que c’eſt vn certain ſigne

303 362 982 78 De la paix qui viendra tous eprits contenter:

301 423 955 80 La paix di-ie qui peut tous ennuis enchanter,

301 489 1051 85 Comme le plus beau don, le plus rare & plus digne

305 552 904 89 Que la faueur de Dieu liberale &y benigne

299 621 902 83 Sçauroit à vous humains icy bas preſenter.

301 682 1030 82 La (refpondi-ie lors) He mon Dieu quand ſera ce

305 749 869 88 Que ie verray l'effect de ce bien aduenir?

301 815 1006 91 Haſte toy donc mon Dieu, & ces troubles efface,

297 884 965 81 Faiſant en bonne paix tous les tiens conuenir:

299 951 955 82 Non toutesfois Seigneur pour autre but, ſinon

303 1016 984 96 Que pour mieux auancer la gloire de ton nom.

383 1141 1042 99 Or comme i'attendoy ce bon heur d’heure en heure,

295 1208 1069 93 Sachant bien que iamas rien de faulx Dieu ne dict,

295 1277 977 92 Ioinct außi que le mal que lon m’auoit predict,

287 1348 959 86 Deſia par tout le monde auoit pris ſa demeure,

289 1411 841 76 I’aperceu arriuer au lieu ou ie demeure,

291 1475 943 85 Vne trouppe de gents, ſuyuant de Dieu l’edict

291 1540 887 92 Qui malgré les efforts du Zoile mauldict,

283 1617 936 74 Meritent que iamais leur memoire ne meure:

293 1676 938 86 Car ils nous ont faict veoir la lumiere de foy

289 1744 847 83 Ont gardé la cité de leur ſouuerain Roy,

291 1809 896 85 Vſant d’vne prudence &x vertu ſinguliere:

287 1874 918 84 Mais vn par deſſus tous, qui principalement

287 1939 875 84 De ce triumphe heureux, merite iuſtement

293 2006 930 117 (Toutesfois apres Dieu) la louange premiere.
