1491 2443
77 156 827 94 N'auons nous pas ouy ſa diuine faconde,

26 228 776 85 Lors qu'il a ſoſtenu la faincte verité?

28 293 921 91 Monſrant par ſa douceur, grace & dexterité,

30 360 894 91 Que ſa vertu n’eſtoit à nulle autre ſeconde?

28 431 955 90 Qui pourroit donc ſonder vne mer ſi profonde,

24 494 835 88 Comme eſt le ſouuerain los qu'il a merité?

26 559 837 88 Pour le moins ie ſçay bien que la poſterité

24 629 1033 85 Chantera de bon cueur ſon nom par tout le monde:

26 696 878 79 Et de ma part n'eſtoit que ie n'ignore point,

28 763 1031 81 Qu'on ne pourroit iamais acquitter vn ſeul poinct,

24 826 868 90 De ce qui luy eſt deu, i’en diroy d’auantage

28 893 927 82 D'autre part ie craindroy que ie feiſſe le ſault

28 962 915 84 D’Icare qui voulut voler vn peu trop hault,

26 1026 976 97 Faiſant dedans la mer d’ignorance vn naufrage.

89 1135 996 117 Laiſſant donc ce propos, ſeulement ie veux dire,

32 1221 955 88 Que ſi iadis Orphée a peu par ſes doulx chants

30 1290 927 86 Attirer les rochers, & les bois, & les champs,

28 1353 882 90 Tous rauis d’eſcouter, ſa bien ſonante lyre:

40 1423 894 79 Qu'à plu forte raiſon, le gracieux bien dire

34 1482 968 95 De ce prince deuroit gaigner les plus meſchans,

32 1551 949 91 Pour le ſuyure en la ſoy & en n'eſtre trebuſchans

34 1618 1045 85 Comme ils ſont chacun iour d'vn erreur en vn pire:

38 1685 878 94 OyeZ dont mes amis, oyez ce qu’il propoſe,

34 1750 847 92 Et ſoyez aſſeurez qu’il ne dict autre choſe,

38 1817 823 88 Que ce qui eſt conforme à la ſincere foy:

32 1883 815 83 Il vous tirera hors de l’enfer de malice,

34 1952 744 83 Ainſi que ce harpeur retira Eurydice

34 2015 960 120 Du vieil Orque remply de triſteſſe & d'eſmoy.
