1489 2445
395 140 1059 104 Et bien, quand vous ſeriez außi durs qu'vne pierre,

314 211 977 90 Pour le moins reſſemblez à celles qu’Amphion

316 270 1017 94 Faiſoit par vn doulx chant conioindre en vnion,

320 346 958 90 Quaſi les contraignant iuſqu'à ſortir de terre:

310 419 889 84 Afin qu’ayant ceſtuy qui abbat & atterre

322 482 883 84 Toute impure doctrine & faulſe opinion,

324 544 952 89 Vous vous veniez reioindre à la communion

316 607 1005 95 Des fideles chreſtiens, à qui vous faictes guerre.

310 680 936 86 Lors d’vne pierre viue accomplirez l’office,

314 739 687 94 Et ſerez inſerez au celeſte edifice

314 806 889 80 De la ſaincte cité, qui eſt la hault es cieux:

314 874 987 89 Celle à qui Ieſus-Chriſt ſert de beau luminaire,

310 943 989 87 De premier fondement, & de pierre angulaire,

316 1008 903 106 Et qui tant l'enrichi de ſes dons precieux.

397 1132 967 100 Helas, O Dieu puiſſant, faictes leur en la grace

322 1206 1083 89 Vous Seigneur, qui teneZ les cœurs de tous humains,

318 1269 1058 90 Souuienne vous qu'il ſont l’ouurage de vos mains

316 1332 852 94 Et que voſtre bonté leur malice ſurpaſſe:

314 1401 1042 96 Donnez leur ſ'il vous plaiſt le vouloir & l’espace

322 1473 973 83 De laiſſer ces erreurs qui en ont perdu maints,

320 1544 1058 69 Et qui les ont conduicts aux tourments inbumains

312 1599 1058 88 De l’ardent Phlegeton, qui toux maulx oultrepaſſe.

314 1678 1066 82 N’auez vous pas Seigneur, guary d’ame & de corps

320 1731 932 92 Les pauures languiſſant, reſſuſcité les morts,

320 1811 924 75 Et dict que vous auiez de tous ſauuer enuie?

322 1864 922 89 Guariſſez donc ceux cy, tirez les du ſarcueil,

318 1937 863 74 Et vous conuertirez en ioye noſtre dueil,

326 1994 924 135 Voyant qu'ils auront pris vne meilleure vie.

1323 2019 127 148 Voila
