1491 2443
85 120 890 95 Voila le dernier poinct, qui reſte ſeulement

81 205 819 88 De ceſte viſion diuine & prophetique,

75 297 941 55 En laquelle on chantoit ce gracieux cantique,

79 342 1004 75 Qui promettoit tant d’heur & de contentement.

77 405 980 85 Außi quand d’vn accord & d’vn conſentement

77 468 931 83 Tous croiront à la foy ſincere & catholique,

75 539 855 86 Faiſants perir le nom d’obſtiné heretique,

73 610 886 74 Alors nous vous lourons perpetuellement:

73 667 1143 102 Si voulons nous pourtant d’vn cueur bon & parfaict,

79 732 945 90 Vous rendre ſans ceſſer louanges immortelles,

75 808 971 69 Pour ce commencement que ia vous auez faict

67 871 988 81 Au grand contentement de tous bons & fideles:

75 932 927 92 Vous ſuppliants ò Dieu, en qui ſeul eſperons,

75 1001 900 86 Que telle en ſoit la fin que nous la deſirons.

126 1117 892 102 Et pour n’eſtre repris d’aucune ingratitnde,

69 1192 949 92 Sous vous recommandons de grand’affection

73 1266 868 81 Ceux par qui vous auez mis à deſtruction

71 1327 918 87 L'erreur qui nous vouloit tenir en ſeruitude:

71 1390 770 81 Ceux di-ie qu'ont pris telle ſolicitude

69 1459 825 92 De garder voſtre Egliſe en ſa perfection,

69 1524 969 96 Que ſans craindre la mort, ny autre affliction,

65 1592 935 91 Ils y ont employé tout leur temps & eſtude.

67 1653 979 95 Donnez leur s’il vous plaiſt, en deſpit de l’enuie

69 1724 922 89 Qui taſche à maculer leur tant claire vertu,

73 1785 745 87 Vn ſos perpetuel de ſaincteté de vie,

71 1848 975 100 Qui iamais par le temps ne puiſſe eſtre abbatu,

69 1915 1039 102 Puis pour iouyr d'vn bien plus digne & precieux

71 1982 929 110 Conduiſez-les enfin au Royaume des cieux.

955 2076 24 64 B
