1489 2445
342 107 928 88 Et de ce ſainct trouppeau principalement ſix

281 185 932 83 Nous vous recommandon s affectueuſement,

295 250 1061 90 Qui du ſang des martyrs on peinct leur veſtement,

285 317 904 76 Estants de la vertu au plus hault rang aßis:

299 387 910 77 Ce ſont ceux qui iamais ne ſeront obſcurcis,

293 450 945 89 Ains qui reſplendiront plus que le firmament,

295 517 808 67 Veu que vous les auez ſi liberalement

295 578 951 86 De vos plus rares dons ſainctement eſclaircis.

301 656 1057 81 Et que pourrions nous doncq maintenant ſouhaiter

301 715 961 83 Pour leurs perfections acroiſtre & augmenter

299 778 920 85 Sinon qu'ils ſoient conioincts à voftre deité?

303 845 941 82 Lors que la Parque aura couppé leur fil fatal

303 912 969 82 Et qu’ils iront au ciel faire vn beau iour natal

305 990 767 87 Pour y viure & regner à perpetuité.

369 1112 885 84 Mais entre tous celuy que la ſaincte Pallas

297 1177 953 84 A tant remply des dons de grace & ſapience,

310 1244 807 80 Que ſa foy & vertu & diuine ſcience

299 1312 996 75 Le nous font auiourd’huy ectre vn ſecond Atlas:

305 1371 961 85 Qu’ainſi ſoit o bon Dieu, le voit-on iamais las

301 1448 912 69 De porter ſur ſon dos la querelle & defence

293 1501 965 88 De vostre ſaincte Egliſe en ſi ferme constance,

303 1562 1088 82 Qu'il contrainct les meſchants de ſouuent dire helas?

299 1638 1043 73 Non toutesfois Seigneur que ie vueil entreprendre

303 1703 845 77 De luy attribuer ce qui vous apartient:

299 1774 1063 80 Car ie ſçay que c’eſt vous qui ſeul pouuez defendre

299 1829 1008 90 Voſtre tant chere Egliſe, & qui ſeul la ſoustient:

299 1907 1030 77 Mais i’entend que par luy vous la gardez en ſorte

293 1962 1051 130 Qu'elle eſt (malgré Satan) inexpugnable & forte.
