<?xml version="1.0" encoding="UTF-8"?>
<alto xmlns:xsi="http://www.w3.org/2001/XMLSchema-instance"
      xmlns="http://www.loc.gov/standards/alto/ns-v4#"
      xsi:schemaLocation="http://www.loc.gov/standards/alto/ns-v4# http://www.loc.gov/standards/alto/v4/alto-4-2.xsd">
  <Description>
    <MeasurementUnit>pixel</MeasurementUnit>
    <sourceImageInformation>
      <fileName>29.jpg</fileName>
      
    </sourceImageInformation>
  </Description>
  
  <Tags>
    <OtherTag ID="BT1662" LABEL="TitlePageZone" DESCRIPTION="block type TitlePageZone"/><OtherTag ID="BT1661" LABEL="StampZone" DESCRIPTION="block type StampZone"/><OtherTag ID="BT1660" LABEL="RunningTitleZone" DESCRIPTION="block type RunningTitleZone"/><OtherTag ID="BT1659" LABEL="QuireMarksZone" DESCRIPTION="block type QuireMarksZone"/><OtherTag ID="BT1658" LABEL="NumberingZone" DESCRIPTION="block type NumberingZone"/><OtherTag ID="BT1657" LABEL="MainZone" DESCRIPTION="block type MainZone"/><OtherTag ID="BT1656" LABEL="GraphicZone" DESCRIPTION="block type GraphicZone"/><OtherTag ID="BT1655" LABEL="DropCapitalZone" DESCRIPTION="block type DropCapitalZone"/>
    <OtherTag ID="LT552" LABEL="DefaultLine" DESCRIPTION="line type DefaultLine"/><OtherTag ID="LT553" LABEL="DropCapitalLine" DESCRIPTION="line type DropCapitalLine"/><OtherTag ID="LT554" LABEL="HeadingLine" DESCRIPTION="line type HeadingLine"/>
  </Tags>
  
  <Layout>
    <Page WIDTH="1491"
          HEIGHT="2443"
          PHYSICAL_IMG_NR="28"
          ID="eSc_dummypage_">
      <PrintSpace HPOS="0"
                  VPOS="0"
                  WIDTH="1491"
                  HEIGHT="2443">
        
        <TextBlock HPOS="57"
                   VPOS="203"
                   WIDTH="1114"
                   HEIGHT="1021"
                   ID="eSc_textblock_6adc1161"
                   TAGREFS="BT1657">
          <Shape><Polygon POINTS="1032 211 1171 244 1163 299 1010 315 945 339 934 374 961 415 1057 423 1122 521 1106 559 1002 567 943 618 945 651 1073 700 1057 853 1106 903 1065 969 1073 1081 1016 1107 1032 1211 874 1205 849 1224 804 1219 57 1195 57 879 89 779 57 698 65 325 146 203"/></Shape>
          
          
          <TextLine ID="eSc_line_fccfa168"
                    TAGREFS="LT552"
                    BASELINE="140 254 727 260 1152 282" 
                    HPOS="136"
                    VPOS="181"
                    WIDTH="1016"
                    HEIGHT="118">
            <Shape><Polygon POINTS="140 254 140 193 446 199 462 193 497 181 499 181 501 181 503 181 505 181 505 183 517 193 519 195 525 193 580 183 582 183 584 183 611 195 623 199 710 195 812 189 814 189 816 189 835 195 867 207 881 195 886 191 888 191 890 191 892 191 894 191 896 191 902 195 912 203 922 195 924 193 926 193 928 193 930 193 1073 195 1075 195 1079 197 1112 207 1148 197 1152 282 1150 297 1075 299 1073 299 1071 299 1069 299 1067 297 1055 287 1016 295 1004 297 1002 297 1000 297 991 295 957 280 941 291 939 291 936 291 934 291 810 276 735 285 733 285 731 285 729 285 729 282 719 274 647 285 645 285 643 285 615 274 588 285 584 287 582 287 580 287 568 285 488 268 421 280 419 280 417 280 415 280 393 266 311 278 309 278 136 274"/></Shape>
	    <String CONTENT="Et puis qu&#39;a vostre eſpouſes o ſouuerain Seigneur,"
                    HPOS="136"
                    VPOS="181"
                    WIDTH="1016"
                    HEIGHT="118"></String>
          </TextLine>

          
          
          <TextLine ID="eSc_line_0f344acf"
                    TAGREFS="LT552"
                    BASELINE="77 325 531 323 928 333" 
                    HPOS="71"
                    VPOS="262"
                    WIDTH="859"
                    HEIGHT="75">
            <Shape><Polygon POINTS="77 325 71 276 124 262 126 262 128 262 130 262 132 262 146 274 207 266 209 266 211 266 234 276 258 264 260 264 262 264 264 264 293 276 344 264 346 264 348 264 350 264 399 278 629 278 686 266 688 266 751 280 753 280 755 280 900 268 902 268 904 268 906 268 930 282 928 333 924 337 73 333"/></Shape>
	    <String CONTENT="Il porte constamment vne affection telle,"
                    HPOS="71"
                    VPOS="262"
                    WIDTH="859"
                    HEIGHT="75"></String>
          </TextLine>

          
          
          <TextLine ID="eSc_line_99c70bb7"
                    TAGREFS="LT552"
                    BASELINE="77 388 910 399" 
                    HPOS="73"
                    VPOS="323"
                    WIDTH="837"
                    HEIGHT="84">
            <Shape><Polygon POINTS="77 388 77 339 128 339 130 339 156 323 158 323 160 323 162 323 164 323 195 335 234 323 236 323 238 323 240 323 270 337 387 325 389 325 391 325 393 325 415 344 419 344 450 344 466 329 466 327 468 327 470 327 472 327 576 327 578 327 627 346 629 346 631 346 661 337 664 337 666 337 790 348 800 348 802 348 853 331 855 331 857 331 859 331 910 350 910 399 906 407 73 399"/></Shape>
	    <String CONTENT="Faictes le ioüiſſant de la vie immortelle,"
                    HPOS="73"
                    VPOS="323"
                    WIDTH="837"
                    HEIGHT="84"></String>
          </TextLine>

          
          
          <TextLine ID="eSc_line_d6105e12"
                    TAGREFS="LT552"
                    BASELINE="77 451 1053 466" 
                    HPOS="73"
                    VPOS="405"
                    WIDTH="980"
                    HEIGHT="75">
            <Shape><Polygon POINTS="77 451 77 405 1051 419 1053 466 1048 480 73 458"/></Shape>
	    <String CONTENT="Vous qui estes o Dieu, de tous biens le donneur:"
                    HPOS="73"
                    VPOS="405"
                    WIDTH="980"
                    HEIGHT="75"></String>
          </TextLine>

          
          
          <TextLine ID="eSc_line_5980db8c"
                    TAGREFS="LT552"
                    BASELINE="73 517 888 529 1108 541" 
                    HPOS="69"
                    VPOS="462"
                    WIDTH="1041"
                    HEIGHT="91">
            <Shape><Polygon POINTS="73 517 73 468 246 476 254 472 272 462 274 462 277 462 279 462 315 474 334 478 354 474 413 462 415 462 417 462 419 462 442 476 448 480 509 480 525 478 611 466 613 466 615 466 643 482 649 484 682 482 873 470 875 470 877 470 930 488 987 472 989 472 991 472 994 472 996 472 1026 490 1067 482 1069 482 1071 482 1110 494 1108 541 1103 553 69 531"/></Shape>
	    <String CONTENT="Et pour mieux faire croistre encores ſon bon heur,"
                    HPOS="69"
                    VPOS="462"
                    WIDTH="1041"
                    HEIGHT="91"></String>
          </TextLine>

          
          
          <TextLine ID="eSc_line_05fc2b91"
                    TAGREFS="LT552"
                    BASELINE="71 584 936 596" 
                    HPOS="65"
                    VPOS="519"
                    WIDTH="874"
                    HEIGHT="95">
            <Shape><Polygon POINTS="71 584 71 537 124 537 126 537 175 519 177 519 179 519 236 521 238 521 240 521 260 539 262 539 319 521 321 521 323 521 325 521 327 521 327 523 346 539 346 541 376 541 384 541 462 523 464 523 466 523 501 541 505 543 515 541 609 525 611 525 613 525 659 543 666 547 798 547 802 545 835 531 837 531 904 529 906 529 908 529 910 529 939 547 936 596 934 602 800 614 798 614 796 614 794 614 794 612 792 612 786 604 657 612 655 612 653 612 623 600 515 608 513 608 452 598 413 608 411 608 409 608 407 608 405 608 389 598 289 606 287 606 285 606 262 596 215 606 213 606 211 606 209 606 197 594 195 594 191 594 97 604 95 604 93 604 65 592"/></Shape>
	    <String CONTENT="Faictes que ſa maiſon catholique &amp; fidele"
                    HPOS="65"
                    VPOS="519"
                    WIDTH="874"
                    HEIGHT="95"></String>
          </TextLine>

          
          
          <TextLine ID="eSc_line_f32e0dc5"
                    TAGREFS="LT552"
                    BASELINE="69 647 892 663" 
                    HPOS="65"
                    VPOS="584"
                    WIDTH="829"
                    HEIGHT="93">
            <Shape><Polygon POINTS="69 647 65 602 132 584 134 584 136 584 207 586 209 586 242 604 266 586 268 586 270 586 272 586 274 586 334 606 403 596 405 596 407 596 409 596 409 598 421 608 421 610 497 610 584 610 651 594 653 594 655 594 657 594 659 594 659 596 674 608 692 596 694 596 696 596 698 596 700 596 761 614 782 598 782 596 784 596 786 596 788 596 790 596 792 596 812 610 849 598 851 598 853 598 855 598 894 618 892 663 888 677 65 657"/></Shape>
	    <String CONTENT="Floriſſe tellement qu&#39;on puiſſe dire d&#39;elle,"
                    HPOS="65"
                    VPOS="584"
                    WIDTH="829"
                    HEIGHT="93"></String>
          </TextLine>

          
          
          <TextLine ID="eSc_line_88abdea0"
                    TAGREFS="LT552"
                    BASELINE="71 714 1059 734" 
                    HPOS="67"
                    VPOS="655"
                    WIDTH="992"
                    HEIGHT="96">
            <Shape><Polygon POINTS="71 714 71 659 114 667 130 659 142 655 144 655 146 655 148 655 160 661 171 665 189 661 213 657 215 657 217 657 242 663 274 673 342 673 350 667 360 659 362 659 364 659 366 659 423 669 468 675 505 671 564 663 566 663 568 663 609 673 625 677 635 675 659 665 661 665 664 665 741 677 771 682 792 679 859 669 861 669 863 669 896 682 902 684 912 682 953 675 955 675 1059 688 1059 734 1057 741 939 751 936 751 845 739 833 739 824 739 767 749 765 749 763 749 761 749 761 747 759 747 753 739 751 736 716 739 604 745 602 745 600 745 576 736 562 732 527 736 468 743 466 743 464 743 444 734 433 732 401 734 356 739 354 739 352 739 350 739 350 736 346 734 340 728 325 734 311 739 309 739 307 739 67 730"/></Shape>
	    <String CONTENT="Voila de toute France &amp; la gloire &amp; l’honneur."
                    HPOS="67"
                    VPOS="655"
                    WIDTH="992"
                    HEIGHT="96"></String>
          </TextLine>

          
          
          <TextLine ID="eSc_line_f1f13c05"
                    TAGREFS="LT552"
                    BASELINE="122 846 1028 861" 
                    HPOS="118"
                    VPOS="789"
                    WIDTH="910"
                    HEIGHT="94">
            <Shape><Polygon POINTS="122 846 122 796 291 802 295 798 303 791 303 789 305 789 307 789 309 789 354 789 356 789 382 800 395 804 405 800 427 791 429 791 431 791 433 791 466 802 476 804 478 802 488 791 490 791 492 791 494 791 497 791 537 802 554 806 560 802 572 793 574 793 576 793 578 793 621 804 639 808 643 804 653 796 655 796 657 796 659 796 735 796 737 796 763 806 774 810 800 808 873 798 875 798 877 798 879 798 898 808 898 810 900 808 914 800 916 800 918 800 920 800 1028 812 1028 861 1028 869 994 881 991 881 991 883 900 883 898 881 896 881 873 869 861 879 859 879 857 879 855 879 806 869 771 879 769 879 767 879 698 867 655 877 653 877 651 877 590 865 482 873 480 873 368 861 187 869 185 869 118 855"/></Shape>
	    <String CONTENT="Or pour faire vne fin à ceste œuure preſente"
                    HPOS="118"
                    VPOS="789"
                    WIDTH="910"
                    HEIGHT="94"></String>
          </TextLine>

          
          
          <TextLine ID="eSc_line_d1c8daaa"
                    TAGREFS="LT552"
                    BASELINE="63 910 1089 932" 
                    HPOS="57"
                    VPOS="855"
                    WIDTH="1032"
                    HEIGHT="97">
            <Shape><Polygon POINTS="63 910 63 865 201 867 205 865 234 855 236 855 238 855 240 855 242 855 242 857 252 867 256 871 364 871 372 869 393 859 395 859 397 859 399 859 401 859 401 861 411 869 413 871 425 869 470 861 472 861 513 871 535 875 556 871 590 863 592 863 594 863 596 863 604 871 609 873 611 871 619 865 621 865 623 865 625 865 672 873 690 875 696 873 714 865 716 865 719 865 812 867 814 867 816 867 816 869 824 875 833 881 1087 879 1089 932 1087 942 910 952 908 952 906 952 904 952 904 950 902 950 894 940 344 940 342 940 340 940 305 928 116 934 114 934 112 934 57 920"/></Shape>
	    <String CONTENT="Souuerain Roy des cieux ie vous offre &amp; preſente"
                    HPOS="57"
                    VPOS="855"
                    WIDTH="1032"
                    HEIGHT="97"></String>
          </TextLine>

          
          
          <TextLine ID="eSc_line_6c8fd793"
                    TAGREFS="LT552"
                    BASELINE="63 977 985 991" 
                    HPOS="57"
                    VPOS="920"
                    WIDTH="928"
                    HEIGHT="91">
            <Shape><Polygon POINTS="63 977 65 920 107 936 203 928 205 928 207 928 250 938 281 926 289 924 291 924 293 924 321 928 401 940 433 932 454 926 456 926 458 926 523 928 525 928 527 928 535 934 545 944 676 944 690 940 716 930 719 930 721 930 723 930 725 930 743 942 751 946 776 942 843 932 845 932 985 950 985 991 983 1001 590 1011 588 1011 454 995 415 1007 413 1007 411 1007 323 993 232 1005 230 1005 228 1005 226 1005 209 991 116 991 97 1001 95 1001 93 1001 91 1001 89 1001 57 987"/></Shape>
	    <String CONTENT="Honneur, gloire, &amp; loüange, &amp; benediction:"
                    HPOS="57"
                    VPOS="920"
                    WIDTH="928"
                    HEIGHT="91"></String>
          </TextLine>

          
          
          <TextLine ID="eSc_line_177a6662"
                    TAGREFS="LT552"
                    BASELINE="63 1042 1067 1062" 
                    HPOS="59"
                    VPOS="995"
                    WIDTH="1008"
                    HEIGHT="86">
            <Shape><Polygon POINTS="63 1042 63 995 1067 1011 1067 1062 1065 1074 767 1081 765 1081 59 1054"/></Shape>
	    <String CONTENT="Vous ſuppliant mon Dieu tant doulx &amp; amiable"
                    HPOS="59"
                    VPOS="995"
                    WIDTH="1008"
                    HEIGHT="86"></String>
          </TextLine>

          
          
          <TextLine ID="eSc_line_103cbe36"
                    TAGREFS="LT552"
                    BASELINE="61 1109 865 1125" 
                    HPOS="59"
                    VPOS="1056"
                    WIDTH="808"
                    HEIGHT="92">
            <Shape><Polygon POINTS="61 1109 59 1068 195 1056 197 1056 299 1072 344 1058 346 1058 348 1058 421 1074 444 1060 446 1060 448 1060 450 1060 452 1060 454 1060 474 1078 619 1078 635 1066 637 1066 639 1066 641 1066 643 1066 670 1081 727 1072 729 1072 731 1072 761 1083 839 1068 841 1068 843 1068 845 1068 867 1087 865 1125 863 1135 688 1148 686 1148 684 1148 682 1148 664 1133 659 1129 647 1131 598 1146 596 1146 594 1146 592 1146 541 1129 533 1127 531 1129 517 1142 517 1144 515 1144 513 1144 513 1146 464 1146 462 1144 460 1144 413 1129 366 1142 364 1142 362 1142 360 1142 313 1125 305 1121 183 1121 179 1123 152 1135 150 1135 148 1135 146 1135 144 1135 144 1133 130 1121 126 1119 59 1119"/></Shape>
	    <String CONTENT="Excuſer mon default, &amp; auoir agreable"
                    HPOS="59"
                    VPOS="1056"
                    WIDTH="808"
                    HEIGHT="92"></String>
          </TextLine>

          
          
          <TextLine ID="eSc_line_c096eade"
                    TAGREFS="LT552"
                    BASELINE="61 1178 503 1192 1028 1192" 
                    HPOS="57"
                    VPOS="1121"
                    WIDTH="971"
                    HEIGHT="112">
            <Shape><Polygon POINTS="61 1178 57 1133 101 1121 103 1121 105 1121 107 1121 109 1121 109 1123 122 1133 122 1135 195 1138 209 1135 260 1123 262 1123 264 1123 291 1138 293 1138 299 1138 334 1129 336 1129 415 1140 446 1142 454 1140 482 1127 484 1127 486 1127 488 1127 515 1140 519 1144 778 1146 780 1146 792 1133 792 1131 794 1131 796 1131 798 1131 875 1131 1028 1150 1028 1192 1022 1219 977 1207 932 1217 914 1221 912 1221 910 1221 900 1217 881 1207 871 1215 855 1231 853 1231 851 1231 851 1233 572 1233 570 1231 568 1231 523 1207 513 1201 488 1205 448 1213 446 1213 384 1203 362 1199 358 1201 346 1211 344 1211 342 1211 340 1211 338 1211 336 1211 319 1201 297 1209 295 1209 293 1209 57 1192"/></Shape>
	    <String CONTENT="Sinon ceſte œuure mienne, au moins l’affection."
                    HPOS="57"
                    VPOS="1121"
                    WIDTH="971"
                    HEIGHT="112"></String>
          </TextLine>

          
          
          <TextLine ID="eSc_line_3d2d97b6"
                    TAGREFS="LT552"
                    BASELINE="861 1260 947 1260" 
                    HPOS="861"
                    VPOS="1211"
                    WIDTH="86"
                    HEIGHT="120">
            <Shape><Polygon POINTS="861 1260 861 1211 947 1219 947 1260 947 1313 861 1331"/></Shape>
	    <String CONTENT="B 2"
                    HPOS="861"
                    VPOS="1211"
                    WIDTH="86"
                    HEIGHT="120"></String>
          </TextLine>

          
        </TextBlock>
        
        <TextBlock HPOS="852"
                   VPOS="1222"
                   WIDTH="110"
                   HEIGHT="50"
                   ID="eSc_textblock_c2731603"
                   TAGREFS="BT1659">
          <Shape><Polygon POINTS="962 1272 962 1222 852 1222 852 1272"/></Shape>
          
        </TextBlock>
        

        
      </PrintSpace>
    </Page>
  </Layout>
</alto>
