1489 2445
528 136 922 145 A monſeigneur le Cardinal

740 248 451 104 d’Armignac.

446 305 994 151 Ego ſicut Oliua fructifiera in domo Dei,

463 387 195 87 Pſal.51.

383 489 532 95 Ie ſuis en l'Egliſe de Dieu

310 564 664 90 Comme vne bien fertile oliue,

305 623 661 104 Qui va produiſant en tout lieu

295 684 700 110 Fruicts de vertu & de foy viue.

469 800 960 155 A monſeigneur le Cardinal

697 918 443 112 de Lorraine.

418 990 995 134 Impleuit eum dominus ſpiritu ſapientiæ

414 1057 644 110 & intellectus. Eccleſ.15.

350 1149 598 114 Combien que de toute vertu

265 1220 552 104 Soit heurerſement reueſtu

261 1285 724 110 Ce prince tant doulx & aymable:

257 1356 505 90 Si eſt il principalement

254 1426 607 100 Orné d’vn bon entendement,

250 1497 635 92 Et d’une prudence admirable.

569 1613 493 108 A luymeſmes.

424 1674 965 151 Non poterant reſiſtere fapientiæ & ſpi¬

424 1768 958 141 ritui, qui loquebatur per os eius. Act.6.

303 1819 769 132 Ce prince cy qui tous autres ſurpaſſe

236 1882 651 108 A declairé d'vne ſi bonne grace

234 1958 914 134 Le poinct qui plus noſtre ſaincte foy touche
