1487 2443
48 95 721 120 Qu'il n'a eſté en l'humaine puiſſance

38 183 613 95 De reſiſter à la grand' ſapience,

42 236 760 120 Et à l'eſprit que parloit par ſa bouche.

350 333 509 127 A luy encores.

219 435 952 106 Bonum certamen certaui, fidem ſerua¬

222 502 947 102 ui: in reliquo repoſita eſt mihi corona

219 584 495 73 iuſtitiæ. 2.Tim.4.

97 641 670 93 Certes ceſtuy peut dire iuſtement

44 706 752 110 I’ay combatu bien & heureuſement,

48 775 636 104 I'ay conſerué la foy inuiolable:

48 838 838 108 Et pour autant m'eſt reſeruée aux cieux

54 914 691 87 Vne couronne & loyer precieux,

61 969 841 105 Que me rendra mon Dieu iuge equitable.

222 1081 965 144 A monſeigneur le Cardinal

427 1207 457 93 de Bourbon.

279 1294 700 104 Dilectus Deo & hominibus.

132 1406 572 92 La bonté & foy admirable

77 1482 593 87 Qui eſt on ce prince amiable,

75 1537 676 101 Faict qu'il eſt prisé en tout lieux,

81 1612 678 98 Aymé des hommes & des Dieux.

425 1716 522 97 A luy encores.

291 1789 912 114 Probatio tuæ fidei multo precioſior

297 1868 906 116 eſt auro, quod per ignem probatur.

425 1956 171 79 1.Pet.1.
