1480 2437
339 103 738 98 prince excellent en qui eſt peincte

339 186 600 78 De la vertu l’image ſaincte,

337 247 655 79 Comme chacun voit par effect

337 314 675 88 Combien eſt digne & precieuſe

339 383 545 77 Ceſte conſtance vertueuſe

337 442 689 96 Qui tant catholique vous faict.

548 597 905 128 A mon ſeigneur le Cardinal

670 696 503 110 de Chaſtillon.

550 828 736 106 Spes mea in Deo eſt Pſal.61.

388 942 579 95 Mon eſperance en celuy giſt

321 1013 660 85 Qui la terre & les cieux regit,

319 1078 703 91 Et qui faict heureux & proſpere

321 1141 656 91 Tout homme qui en luy eſpere.

502 1289 937 132 A monſeigneur le Cardinal

638 1399 350 101 de Guyſe.

496 1527 855 109 Pes meus ſtetit in directo. Pſal.95.

384 1634 673 106 Ie ſuy touſiours la droicte voye,

304 1714 482 83 Et le chemin de verité,

306 1768 734 118 Qui conduit l’ame a lieu de ioye

302 1846 446 125 De repos & felicité.

1156 1913 269 109 A mon¬
