1487 2443
158 111 1029 137 A meſsieurs les Archeueſques

309 232 452 105 & Eueſques.

232 301 464 95 Vos eſtis ſal terræ:

230 364 698 120 Vos eſtis luy mundi. Mat.5.

99 431 563 106 Vous eſtes le ſel de la terre:

42 510 660 84 Faictes donc aux vices la guerre

44 567 681 106 Qui corrompent les bõnes meurs:

40 637 542 85 Vous eſtes außi la lumiere:

36 690 638 110 Chaſſes donc chaſſez en arriere

34 769 583 104 Et l'ignorance & les erreurs.

315 885 536 126 A eux encores.

199 964 949 131 Paſcite qui in vobis eſt gregem Dei:

199 1038 939 126 & cum apparuerit princeps paſtorum,

203 1103 937 136 percipietis immarceſsibilem gloriæ co

199 1172 420 86 ronam. 1.Pet.5.

79 1225 554 110 Veu que vous eſtes reueſtus

26 1286 530 98 Et deſcience & de vertus,

24 1347 607 122 Penſez de vos brebis repaiſtres:

26 1423 589 120 Afin que le ſouuerain maiſtre

26 1488 743 104 Des pafteurs vous conronne es cieux.

26 1555 746 128 Pourriez vous bien ſouhaitter mieux?

158 1649 880 162 A meſsieurs les Docteurs.

181 1767 902 138 Credita ſunt illis eloquia Dei. Ro.5.

24 1811 499 112 La ſaincte parole de Dieu

22 1879 550 124 Leur eſt fidelement commiſe

26 1944 556 140 Pour la disperrſer en tout lieu

908 2058 51 122 c
