1480 2437
203 127 567 126 A l'auancement de l'Egliſe.

209 207 581 99 O depoſt riche & precieux

213 266 779 123 Le plus beau qui ſoit ſoubs les cieux.

609 371 527 106 A eux encores.

437 428 939 130 Diuites facti eſtis in omni verbo & in

439 519 642 104 omni ſcientia. 1.Cor.1.

296 576 807 122 Dieu vous a faicts riches & opulents

245 666 730 107 En ſa doctrine & en toute ſcience:

245 708 895 134 N'eſpargnez doncq ces tant riches talents.

260 789 833 116 Pour repoulſer l’erreur & l’ignorance.

496 877 851 146 A meſsieurs les Deputez.

430 964 921 128 Hi teſtimonio fidei probati. Heb.11.

280 1060 669 111 Puis que ceux cy ſont eſprouuez

286 1139 559 97 Par le teſmoignage de foy.

284 1204 620 97 Par eux ne ſeront approuuez

290 1263 645 113 Ceus qui ont pris nouuelle loy.

634 1364 526 114 Aux religieux.

506 1431 892 122 Si exprobramini in nomine Chriſti,

504 1523 542 101 beati eritis. 1.Pet.4.

311 1555 1132 150 Si pour l'honneur de Dieu vous ſouffrez quelque honte

309 1642 1028 124 Par gents mal auiſez meſchants & malheureux,

317 1714 982 113 Ne vous en ſouciez & n'en faictes nul compte:

317 1772 998 128 Car c'eſt le ſeur moyen pour eſtre bien heureux.

575 1878 789 132 A tous Eccleſiaſtiques.

510 1959 941 130 Reformamini in nouitate ſenſus veſtri,
