1493 2437
487 46 938 100 mẽte, reprobi circa fidem, ſed vltra non

493 125 928 90 proficient. inſipientia enim eorum ma¬

495 186 784 86 nifeſta erit omnibus. 2.Tim.3.

298 251 876 92 ceux-cy ayants l’eſprit de contradiction,

300 318 888 92 Nient la verité, ſont ſans Dieu & ſans loy,

294 383 985 98 Leur cueur eſt plein de vice & d’imperfection,

300 450 845 98 Et ſi ſont qui pis eſt, reprouuez en la foy:

300 521 967 92 Vray eſt qu’en peu de temps leur credit ceſſera:

298 588 752 116 Car leur folie à tous manifeſte ſera.

483 745 949 120 Oraiſon à Dieu pour l’Egliſe.

757 852 406 92 vniuerſelle.

501 982 931 90 Deus virtutum conuertere, reſpice de

503 1049 927 92 cælo & vide, & viſita vineam iſtam, &

509 1118 916 110 perfice eam quam plantauit dextera

507 1181 362 86 tua. Pſal.78.

302 1283 989 99 O bon Dieu des vertus & ſeigneur des armées,

300 1354 695 89 Il ne fault ſ'eſpahir ſi tu es irrité.

298 1423 914 83 Veu que noz œuures ſont d’iniquité armées,

304 1494 908 77 Qui nous ont iuſtement ce malheur merité:

302 1565 776 77 Toutesfois plaiſe toy par ta benignité

302 1618 1010 87 Retournez maintenant vers nous ta ſaincte face:

302 1695 943 84 Regarde & voy le mal qui ta vigne menace,

302 1756 800 79 Que tu plantas iadis en telle affection:

304 1813 967 102 Vien la donc viſiter, & bien loing d'elle chaſſe

306 1888 896 122 Tout ce qui pourroit nuyr à ſa perfection.
