1501 2441
97 146 1157 112 EPISTRE AVX LECTEVRS.

433 278 805 100 E ne vous pourroy dire o candides le¬

492 351 159 72 cteurs

439 417 793 97 Qui ſerez, s’il vous plaiſt mes benings

498 473 273 88 protecteurs,

446 547 788 93 Combien à grand regret & auec quel¬

484 620 263 71 le craincte,

75 675 1110 104 Ou pluſtoſt malgré moy & par force & contraincte,

75 750 774 81 Ce petit opuſcule, indigne d’eſtre veu

75 811 918 94 Pour n'eſtre de ſcauoir ny de grace pourueu,

71 878 855 92 A depuis peu de iours eſté mis en lumiere,

75 951 902 86 Voire ſans que ie l’aye entendu la premiere:

69 1010 977 88 Dont i'ay occaſion de me plaindre à bon droict,

67 1076 1114 87 Pourtant qu'on m’a faict honte & tort en ceſt endroit:

71 1143 949 93 Car ie proteste bien, ſi lon m'euſt voulu croire,

71 1202 1020 108 Que paſſé a long temps il n'en fuſt plus memoire,

67 1273 867 93 Attendu qu’il n’auoit esté faict ſeulement,

73 1342 979 92 Que pour mon exercice & ſeul contentement:

63 1405 1106 96 Non pour estre tranſcript, & beaucoup moins encore

63 1470 867 96 Pour eſtre publié & veu, comme il eſt ore:

57 1533 806 98 M'eſtant bien ſouuenu que la pudicité,

61 1600 853 98 Pour mieux ſe conſeruer en ſon integrité

61 1665 914 100 Se doibt accompaigner d’vne honte modeſte,

61 1731 867 101 Et plustoſt ſe cacher, que d'eſtre manifeſte:

63 1798 969 97 Veu que celle ne peult acquerir plus d’honneur,

65 1865 1004 97 Qui s'eſt du tout vouée au ſeul Dieu & ſeigneur,

61 1930 1024 104 Que de ne ſe vouloir faire au monde congnoistre,

57 1997 977 112 Pour plus deuant ſon dieu agreable apparoiſtre.

808 2095 39 79 D
