1493 2437
314 170 945 124 Puis ie penſoy aſſes, que ſi les beaux eſcripts

257 253 1002 122 Des doctes & ſcauans & des meilleurs esprits,

251 328 947 110 Ne furent onc exempts de quelque calomnie:

260 398 932 111 Qu'à plus forte raiſon le mien, que ie ne nie

255 454 951 118 Eſtre plein d’ignorance, & indigne entre tous,

257 521 1095 124 Seroit beaucoup moins fort pour ſe ſauuer des coups,

260 584 1025 120 Des coups di-ie, de langue ignorante à bien dire,

262 651 1050 116 Ou de plume trop prompte à blaſmer & meſdire.

335 714 1021 122 Dont i'ay ia faict l'eſſay ces derniers mois paßez,

264 783 1038 120 Par les vers d’vn Quidam, qui teſmoignent aſſes,

278 842 1048 132 Quel eſprit l'a conduict, & qu'atort & ſans cauſe

272 924 871 107 Il a mis en auant ce qu’il dict & propoſe:

278 986 983 106 Car Dieu eſt mon teſmoing, de quelle affection,

284 1056 954 117 (Bien qu'il y ait en moy prou d’imperfection)

282 1131 890 107 J’ay touſiours honoré la diuine eſcr ipture,

282 1194 827 107 Comme la precieuſe & celeste paſture,

288 1257 877 109 Qui l’ame viuifie & repaiſt en tout lieu,

284 1322 961 111 LEt par où elle aprend à congnoſire ſon Dieus

290 1389 914 111 Combien i'ay deſtéla gouſter & entendre,

286 1452 1018 109 I vour paruenir au but ou nous deuons pretendre

292 1521 892 97 Aiant bien reſolu touſiours en mon efprit,

300 1573 1140 128 Que celuy ne ſcait rien qui ne ſcait IESVCHRIST,

292 1657 902 97 Et que ſans la vertu de la ſaincte Parolle,

302 1718 839 109 Qui noſtre infirmité fortifie & conſole,

298 1797 764 97 A peine pourroit on ceſte vie paßer,

300 1837 914 114 Sans mille fois le iour mourir & treſpaſſer.

383 1913 874 105 Et comme donc,helas, euſſay-ie maſſacrée

306 1982 851 109 Ceſte ſaincte doctrine & parolle ſacrée,

308 2040 1117 128 Que tant i’honore & priſe, & que i’aime trop mieux,
