1501 2441
79 117 1112 98 (Comme Dieu le congnoist) que ma vie & mes yeux?

73 189 969 93 Mon cueur euſt il bien eu d'ainſi traicter enuie

67 256 798 75 Celle qui me conduict à l’eternelle vie?

63 319 855 87 Celle qui m'illumine, & qui me reſiouit:

63 386 936 98 Qui faict que mon eſprit heureuſement iouit

63 453 890 88 D’vn doux commencement de ſa beatitude,

57 516 951 96 Lors qu'il eſt transporté en ceſte ſaincte eſtude?

120 587 867 92 Et pourquoy donc außi euſſay-ie renuerſé

52 650 813 92 Ceſt oracle diuin, duquel nous eſt verſé

59 716 875 97 Vn Nectar precieux, vne douce Ambroſie,

59 787 847 87 Qui toute ame fidele enyure & raſſaſie:

54 850 952 91 Voire en telle facon, que plus il ne luy chault,

57 915 835 85 Sinon que d’aſpirer à paruenir la hault?

120 984 937 96 O Dieu reſpand ſur moy ta fureur & ton ire,

50 1047 945 94 Si de ta ſaincte voix i'ay faict vn nez de cire,

54 1118 943 86 Pour la prendre & tourner ſelon ma volonté:

50 1179 844 92 Ou ſi i’ay entrepris d’vn orgueil effronté

52 1244 978 100 D'aſſaillir ta grandeur iuſqu’au throſne celique,

50 1314 929 93 Comme dict en ſes vers ce cauſeur ſatyrique.

48 1379 866 91 Et ie puiße mourir cent mille & mille fois,

48 1446 913 95 Si iay penſé mon Dieu, de renuerſer ta voix:

48 1507 752 97 Ou ſi ie l’ay jamais à ton los oppoſée,

50 1578 888 85 Que ie ſoy ſans merçy à tous maux expoſée:

44 1643 896 90 Si donner à quelqu'vn i’ay iamais pretendu

44 1706 996 106 L’honneur diuin qui doibt estre à toy ſeul rendu,

44 1769 721 96 Ou ſi affection impure & vicieuſe

44 1832 805 108 M'a faict eſtre ſi ſotte, & ſi audacieuſe,

44 1903 752 98 De prendre ta parolle & ta diuinité

42 1967 833 113 Pour la vouloir ſubmettre à telle vanité,

790 2048 114 122 D 2
