1493 2437
221 132 985 113 Que ie ſoy' des ceste heure en la terre engloutie,

225 219 861 99 Et que la bas me ſoit telle peine impartie,

225 278 985 97 Qu'elle excede en grandeur & dure affliction,

227 347 786 103 celle de promethée, & celle d’Ixion:

239 406 1016 97 Voire & qu’à iamais ſoit ma renommée infame,

262 469 1084 113 Que iay touſiours aymée autant que ma propre ame.

314 546 943 95 Mais voiez mes amis, ie vous pri l’argument,

245 617 788 97 Que cestui cy a pris malicieuſement,

249 672 1024 95 Voulant mes petits vers blaſonner & reprendre,

249 731 1140 111 Pour au ionc comme on dict, vn neu chercer & prẽdre.

249 800 1016 103 Car tout ce qui l’offence, & dont tant il meſdict,

255 871 992 101 C’eſt pourtant que ie n’ay, ainſi comme luy, dict

260 938 1015 95 Des prelats & pasteurs mille maulx & iniures,

262 1003 928 103 Aiant plustoſt choiſi des ſainctes eſcriptures

270 1064 1038 109 Quelques tiltres d’honneur, que ie leur ay rendus:

266 1131 983 109 Qui ne ſeront mal pris, s’ils ſont bien entendus.

264 1198 1009 99 Car en ce ie n’ay eu tant d'eſgard aux perſonnes,

268 1265 989 101 Ores qu’il y en euſt de bien ſainctes & bonnes,

270 1330 859 105 Comme à leur ministere, & à l’auctorité

272 1399 930 99 De leur charge & office, & de leur dignité.

268 1456 1015 115 Außi n'estoit-ce pas choſe estrange & nouuelle,

274 1515 1133 123 Les nommer comme CHRIST luy-meſme les appelle:

278 1592 954 101 Vou estes (diſoit il, parlant aux douZe ſiens,

276 1659 987 107 Et à ceux qui deuoient preſider aux chrestiens)

276 1728 879 95 La lumiere du monde, & le ſel de la terre:

278 1787 1058 105 On peult cognoistre donc que celle ou celuy n'erre

280 1860 979 107 Qui ce tiltre leur rend tant excellent & beau,

278 1921 1084 107 Pour leur faire auoir ſoing de leur pauure troupeau.

276 1996 956 112 Car s’ils ont entendu ce beau vers & ſentence
