1501 2441
34 97 888 122 Qui dict: Tu viuras bien, ſi tu mets diligence

32 174 986 112 D'eſtre ce qu'on te nomme, adioustant plus de foy

34 250 931 101 A ce que tu congnois, qu’à ce qu’on dict de toy:

40 309 964 112 Ils pourront bien penſer, qu'il leur eſt neceſſaire,

36 380 919 102 Pour estre ce flambeau & ce beau luminaire,

32 443 888 106 De reluire en exemple en vertu & ſcauoir,

38 512 868 106 Affin que les ſuyuant le peuple puiſſe veoir

38 579 852 100 Comme il doibt cheminer en ce pelerinage,

38 646 807 96 Pour paruenir en fin au celeste heritage:

38 705 968 104 Autrement qu’ils ſeroient renuerſez ſans merci,

38 772 917 106 Pans la foſſe de mort, eux & le peuple außi.

89 840 849 107 Et pour estre le ſel, ſans lequel la viande

40 905 1078 108 Ne ſcauroit auoir goust, qu'eſt ce que Dieu demande,

40 974 933 104 Sinon que par eux ſoit le peuple bien instruict

38 1041 904 94 En la pure doctrine, & tout vice destruict?

44 1110 1027 100 Et qu'ils puiſſent offrir, comme vn mets aggreable,

46 1177 839 98 Vn peuple peculier, choiſi & acceptable,

52 1242 850 100 Vn peuple, di-ie, ſainct & d’acquiſition,

48 1312 795 93 A celuy qui faiſant nostre redemption,

48 1373 962 93 Diſoit: Ma viande est d’accomplir & parfaire

57 1440 934 97 Le ſalut des humains, le vouloir de mon pere?

57 1509 947 85 Autrement ils ſeroient à honte & deshonneur,

59 1574 900 87 Comme vn ſel inutile & qui eſt ſans ſaueur.

116 1643 877 90 Cecy conſideré, que lon ne trouue eftrange,

61 1692 1116 106 Si on donne aux pasteurs quelque honneur & louãge,

59 1771 961 88 Puis que par ce moyen peult venir tant de bien:

63 1836 910 92 Ioinct qu'il y en a prou qui le meritent bien.

132 1910 925 87 Et combien qu’il ſoit vray que toute creature

61 1975 900 112 N'est autre choſe en ſoy que vile pourriture,

651 2052 57 67 D

755 2054 51 94 3
