1493 2437
296 99 989 89 Si ne doibt on laiſſer de rendre à tous honneur,

288 176 997 77 Comme l’apoſſre dict, pour le moins en faueur

290 243 1014 73 Des riches dons de Dieu, qui les rendent inſignes.

284 304 1050 92 Mais ſi quelqu'vn me dict, qu'il y en a de indigne,

290 375 1018 88 Deſpourueus de ſcauoir, & des dons plus requis,

288 442 985 81 Et pourtant que le los qui ne peult eſtre acquis

290 507 934 86 Que par ſeule vertu, ne leur eſt conuenable:

286 568 900 87 A ce ie reſpondray, qu’il leur eſt proſitable,

292 635 902 87 Veu que ſouuent par luy le vice eſt abbatu:

292 704 847 85 Louange eſt elle pas l’eſguillon de vertu?

286 765 835 89 Car qui ſera celuy ſi großier & ſi beſte,

294 838 951 86 Que n’entende tresbien, qu'icelle l’dmonneſte

286 903 778 86 De corriger en ſoy ce qui eſt vicieux,

284 968 953 79 Et ce qu’il à de bon, de l’augmenter en mieux?

353 1029 1022 98 Mais bien tout au rebours de ceſte douce amorce,

284 1094 971 100 VoieZ comme en ſes vers ce meſdiſant s'efforce

278 1165 841 79 De charger les prelat de toute iniquité,

274 1230 887 83 Monſtrant qu'il n'a en ſoy aucune charité.

280 1305 936 86 Car charité eſt douce, humaine & gracieuſe,

274 1358 824 92 Iamais ne penſe mal, elle n'eſt enuieuſe,

274 1431 906 88 Elle n'offence autruy, ains le vient excuſer,

276 1494 928 96 Et couurir ſes forfaicts,s'on le veult accuſer:

276 1557 833 92 Elle hait le meſprs, elle ne ſe courrouſſe:

272 1626 985 94 Tout audace & orgueil elle chaſſe & repouſſe:

268 1693 940 79 Iamais vn mauuais mot de ſa bouche ne part:

274 1760 808 83 Ell'interprete tout à la meilleure part.

274 1821 950 98 C'eſt le parfaict lien, qui l’ame à ſon Dieu lie:

272 1888 952 100 Bref, en ell'eſt la loy parfaicte & accomplie.

337 1951 987 148 Ceſt Anonyme donc euſt il pas bien mieux faict,
