1501 2441
38 103 990 147 De deployer ſoy-meſme & ſon propre meffaict,

42 213 880 104 Que de meſdire ainſi contre ſa conſcience,

36 272 980 110 De ceux à qui il doibt toute humble obeïſſance?

95 343 923 100 Mais luy ſied il pas bien, de dire que i'ay pris

36 412 925 106 La parolle & le nom du ſeigneur en meſpris,

42 465 1149 124 Quãd luy meſme eſt coulpable, & fait tout au cõtraire

40 543 964 97 De ce que Ieſuchriſt nous commande de faire?

40 612 894 99 Priez Dieu, diſoit il, pour vos perſecuteurs,

38 693 825 77 Aimez vos ennemis & calomniateurs,

42 738 898 104 Affin que ſes enfants celuy vous puiſſe dire

46 813 986 100 Qui ſur bons & mauuais fait ſon ſoleil reluire:

40 882 878 94 Au contraire ceſtuy oubliant ſon debuoir,

48 947 990 92 Pour mieux faire a chacun ſa haine apperceuoir

42 1019 870 81 N’a honte de blaſmer & meſdire de celle

54 1080 884 99 Qui luy ſouhaitte paix & la vie eternelle.

118 1139 961 99 Et s'il dict, que i’ay Dieu par mes vers aſſailly,

48 1206 905 97 Regardez s’il a pas plus lourdement failly,

54 1271 1066 110 Quand voulant par les ſiens obiecter à ſon proche,

48 1344 962 96 Ce que plus il penſoit luy tourner à reproche,

50 1413 913 94 Il na craind d'vſurper par grand temerité,

59 1480 765 96 Ce qui n'eſt reſerué qu'à la Diuinité?

54 1535 1072 102 Car n'eſt ce pas Dieu ſeul qui recherche & qui ſonde

57 1604 949 104 L’affection du cueur, voire la plus profonde?

63 1676 888 99 A qui rien n’eſt caché, & qui expreßément

57 1743 906 91 Nous defend ſur autruy-de faire iugement?

61 1804 926 99 Et voicy ceſtui cy qui preſume ſans craincte,

61 1873 894 92 Soubs le pretexte faux d’vne pieté ſaincte,

65 1936 996 98 De iuger de mon cueur tout ainſi qu'il luy plaiſt,

65 2001 1089 114 Le peignant comme il veult, & non pas comme il eſt.
