1493 2437
412 105 944 106 Ce non obſtant o Dieu qui punis toute offence,

343 184 1091 96 Ie te prie humblement n'en prendre autre vengeance,

343 249 1019 96 Sinon qu'il recongnoiſſe & de cueur & de faict,

343 316 1030 100 La grandeur de ſa faulte: & que ce que i'ay faict,

341 383 930 80 N'a eſté ſeulement, que pour la gloire tienne,

339 448 837 88 Et par affection ſincere & Chreſtienne.

414 511 1054 114 Et pour faire du mal le bien maiſtre & vainqueur,

337 584 916 86 Ie te vay ſupplier encore, & de bon cueur,

339 645 847 94 Quil iouiſſe la ſus en ton celeſte empire,

335 714 942 106 De ce ſouuerain bien que pour moy ie deſire.

747 836 288 112 FIN.

438 1192 910 101 IMPRIME A PARIS,

373 1291 1012 124 PAR GVILLAVME MO¬

483 1411 786 106 REL IMPRIMEVR

658 1506 430 118 DV ROY.

635 1647 498 95 M. D. LXII.

223 1766 1172 199 Vuty qrueprpboroprtd nſe.
