1528 2430
312 439 1106 93 PAR priulege du Roy il eſt defendu a tous imprimeurs

295 508 1119 75 & libraires quels qu’il ſoyent en ce Royaume, de n’imprimer,

295 567 1127 76 ne faire imprimer aucuns des liures qui auroyẽt premierement

299 617 1119 69 eſté imprimez & mis er lumiere par Guillaume Morel impri¬

297 670 1119 77 meur et libraire dudict ſeigneur es lettres Grecques: ou par luy

299 733 1123 66 notablement corrigez & emendez, en quelque langue que ce

299 791 1121 65 ſoit: ne ſi ailleurs eftoyent imprimez, iceux vendre ne diri¬

301 836 1123 75 buer de cinq ans prochainemẽt ſuyuants apres ladicte impreſ¬

306 884 1114 75 ſion premiere, ou de deux ans apres l’impreßion deſdicts liures

303 939 1117 77 corrigez, ſur peine de confiſcation deſdicts liures & d'amende

303 998 1119 69 arbitraire, comme appert par les lettres de ce, données à ſainct

306 1050 1112 67 Germain en Laye, l’vnzieſme iour de Iuillet mil cinq cens cin¬

310 1105 1112 79 quante cinq, ſignées par le Roy. Clauſe. & ſellées du grand

306 1160 1116 79 ſeel dudict ſeigneur, verifiées & publiées par le preuoſt de Pa¬

308 1215 1059 72 ris ou ſon lieutenant, le vingtneufieſme de Iuillet oudict an.

366 1271 1054 73 Confirmé par le feu Roy Francoys dernier decedé, par let¬

310 1324 1112 71 tres donnée à Bloys, le dixhuictieſme de Ianuier, mil cinq cens

312 1381 1110 72 cinquanteneuf. Et par le Roy Charles à preſent regnant, par la

318 1431 1110 93 declaration en forme d'edict, qu’il en a faict à ceſte fin publier

322 1490 170 113 à Paris.
