1615 2515
331 104 48 103 6

673 81 356 126 DELIE.

333 194 610 97 Sacrifia auec l'Ame la vie.

329 324 885 99 Donnéɇ en proyɇ a toutɇ ingratitude:

396 255 749 101 Doncques tu fus, ô liberté rauie,

329 402 839 82 Doncques eſperɇ auec deceuɇ enuie

331 461 824 88 Aux bas Enfers trouuer beatitude.

704 551 187 107 IIII.

335 658 814 106 Voulant tirer le hault ciel Empirée

331 731 744 94 De ſoy a ſoy grand' ſatisfaction,

304 796 914 107 Des neuf Cieulx à l’inſluencɇ empirée

329 867 795 86 Pour clorrɇ en toy leur operation,

335 930 652 82 Ou ſe parfeit ta decoration:

341 987 909 88 Non toutesfoys ſans licence des Graces,

331 1054 975 90 Qui eu tes mœurs affigent tant leurs faces,

337 1121 967 90 Que quand ie vien a odorer les fleurs

329 1186 1004 88 De tous tes faictz, certes, quoy que tu faces,

329 1249 835 90 Ie me diſſoulz en ioyes, & en pleurs.

784 1356 63 81 V.

333 1454 1051 99 Ma Damɇ avant l’arc d’Amour en ſon poing

339 1525 791 95 Tiroit a moy, pour a ſoy m'attirer:

331 1584 958 103 Mais je gaignay aux piedz, & de ſi loing,

335 1657 906 86 Qu'elle ne ſceut oncques droit me tirer.

396 1720 839 88 Dont me voyant ſain, & ſauf retirer,

335 1777 1047 86 Sans auoir faict a mon comps quelque breſche:

339 1852 898 90 Tourne, dit ellɇ, a moy, & te deſpeſche.

335 1907 931 94 Fuys tu mon arc, ou puiſſance, qu’il aye?

398 1986 914 84 Ie ne fuys point, dy ie, l’arc, ne la fleſche:

333 2039 1086 132 Mais l'œil, qui feit a mon cœur ſi grand' playe.

1354 2100 63 119 vj.
