1571 2518
405 90 61 82 96

730 54 353 122 DELIE.

405 192 913 80 Sans aultrɇ eſpoir d’en eſtre guerdonné:

405 245 853 84 Qui, trop heureux ainſi abandonné:

403 312 890 90 Eſt, quant a toy, de bien petitɇ eſtime:

472 377 954 86 Mais, quant a moy, qui tout le t'ay donné,

403 440 920 105 C’eſt le ſeul bien, apres toy, que i'eſtime.

753 522 322 103 CCXVI.

401 639 756 93 Lors le ſuſpect, agent de ialouſie,

401 709 840 94 Eſmeult le fondz de mes intentions,

396 784 889 93 Quand ſa preſencɇ eſt par celuy ſaiſie,

399 843 693 90 Qui à la clef de ſes detentions.

401 906 957 86 Parquoy ſouffrant ſi grandz contentions,

401 969 917 96 L’Ame ſe pert au dueil de telz aſſaultz.

478 1034 983 94 Dueil traiſtrɇ occultɇ, adoncques tu maſ¬

1306 1105 149 88 (faulx,

399 1118 854 73 Comme victoirɇ a ſa fin pourſuyuie,

403 1164 911 97 Me diſtillant par l'Alembic des maulx

401 1233 945 105 L’alainɇ, enſemblɇ & le poulx de ma vie.

749 1332 364 78 CCXVII.

399 1435 796 86 Ie m’aſſeurois, non tant de liberté

396 1498 929 98 Heureuſe d’eſtrɇ en ſi hault lieu captiue,

399 1575 882 74 Comme touſiours me tenoit en ſeurté

411 1634 952 84 Mon gelé cœur, donc mon penſer deriue,

407 1697 893 84 Et ſi tresfroit, qu'il n'eſt flambe ſi viue,

403 1758 1029 101 Qu'en bref n'eſtaingnɇ, & que toſt il n'efface.

480 1829 859 95 Mais les deux feuz de ta celeſte face,

405 1892 1031 101 Soit pour mon mal, ou certes pour mon heur,

399 1957 861 101 De peu a peu me fondirent ma glace,

409 2033 840 119 La diſtillant en amoureſɇ humeur.

1247 2083 218 109 Tu cours
