1631 2513
1224 77 46 138 7

607 892 118 81 VI.

176 1001 857 81 Libre viuois en l'Auril de mon aage,

180 1063 966 86 De curɇ exempt ſoubz cellɇ adoleſcence,

178 1130 958 86 Ou l’œil, encor non expert de dommage,

192 1191 854 86 Se veit ſurpris de la doulce preſence,

184 1258 895 84 Qui par ſa haultɇ, & diuinɇ excellence

186 1325 899 80 M'eſtonna l’Amɇ, & le ſens tellement,

186 1386 954 86 Que de ſes yeulx l’archier tout bellement

188 1453 740 94 Ma liberté luy à toutɇ aſſeruie:

190 1528 728 71 Et des ce jour continuellement

184 1581 872 106 En ſa beaulté giſt ma mort, & ma vie.

633 1664 148 95 VII.

192 1773 875 97 Celle beaulté, qui embellit le Monde

201 1836 979 105 Quand naſquit cellɇ en qui mourant ie vis,

192 1909 768 95 A imprimé en ma lumiere ronde

197 1974 830 90 Non feulement ſes lineamentz vifz:

199 2039 903 107 Mais tellement tient mes eſpritz rauiz,

825 2119 455 73 a 4 En admi¬
