1623 2518
361 79 44 101 8

648 75 406 101 DELIE.

346 199 802 82 En admirant fa mirable merueille,

346 258 907 92 Que preſque mort, ſa Deité m’eſueille,

346 321 842 83 En la clarté de mes deſirs funebres,

350 388 1075 90 Ou plus m’allumɇ, & plus, dont m’eſmerueille,

344 455 905 88 Elle m’abyſmɇ en profondes tenebres.

764 526 214 141 VIII.

350 648 722 94 Ie me taiſois ſi pitoyablement,

350 719 958 90 Que ma Déeſſɇ ouyt plaindre mon taire.

344 784 804 91 Amour piteux vint amyablement

348 854 863 83 Remedier au commun noſtrɇ affaire,

424 914 827 86 Veulx tu, dit il, Dame, luy ſatisfaire?

344 979 894 84 Gaigne le toy d’vn las de tes cheueulx.

346 1044 884 89 Puis qu'il te plaict, dit ellɇ, ie le veulx.

348 1118 955 75 Mais qui pourroit ra requeſtɇ eſcondire?

352 1179 1086 86 Plus font amantz pour toy, que toy pour eulx.

348 1250 976 86 Moins reciproquɇ a leurs crantif deſdire.

747 1358 120 70 IX.

346 1445 806 84 Non de Paphos, delices de Cypris,

348 1510 920 84 Non d’Hemoniɇ en ſon Ciel temperée:

350 1577 920 84 Mais de la main trop plus digne fut pris,

348 1640 716 86 Par qui me fut liberté eſperée.

413 1703 760 82 Là hors deſpoir de viɇ exaſperée

350 1766 865 82 Ie nouriſſois mes pensées haultaines,

352 1836 962 88 Quand i’apperceus entre les Mariolaines

346 1896 863 89 Rougir l'Oeillet: Or, dy ie, ſuis ie ſeur

350 1968 968 84 De veoir en toy par ces prœuues certaines

344 2031 791 103 Beaulté logéɇ en amere doulceur.

1261 2106 166 78 Suaue
