1631 2513
1211 92 67 92 9

568 96 81 82 X.

188 190 874 92 Suauɇ odeur: Mais le gouſt trop amer

197 261 865 90 Trouble la paix de ma doulce pensée,

192 328 807 90 Tant peult de ſoy le delicat aymer,

184 391 901 88 Que raiſon eſt par la crainctɇ offensée.

241 458 867 86 Et toutesfois voyant l’Amɇ incensée

182 531 822 80 Se rompre toutɇ, ou giſt l’affection:

186 588 694 82 Lors au peril de ma perdition

182 649 979 98 I’ay eſprouué, que la paour me condamne.

243 726 901 78 Car grand beaulté en grand parfection

184 783 876 88 M’à faict gouſter Aloes eſtre Manne.

586 858 130 109 XI.

182 982 782 86 De l’Occean l'Adultairɇ obſtiné

188 1049 920 83 N'eut point tourné vers l'Orient ſa face,

188 1122 726 84 Que ſur Clytiɇ Adonis ià cliné

184 1185 738 90 Perdit le plus de ſa nayue grace.

262 1243 1004 84 Quoy que du tẽps tout grand oultrage face,

188 1315 889 73 Les ſeches fleurs en leur odeur viuront:

188 1375 1078 88 Prœuue pour ceulz, qui le bien pourſuyuront

186 1444 904 84 De non mourir,mais de reuiurɇ encore.

255 1514 1009 83 Ses vertus donc, qui ton corps ne ſuyuront,

188 1568 965 98 Dès l’Indien ſ’eſtendront iuſqu’au More.

574 1660 180 132 XII.

188 1771 830 86 Ce lyen d’or, raiz de toy mon Soleil,

188 1840 874 88 Qui par le bras t’aſſeruit Amɇ, & vie,

188 1903 753 90 Detient ſi fort auec la veue l’œil,

192 1970 747 84 Que ma pensée il t’à toute rauie,

194 2035 933 101 Me demonſtrant, certes, qu'il me conuie

901 2121 132 86 a 5

1115 2100 157 82 Ame
