1623 2518
331 81 78 112 10

665 81 372 105 DELIE.

327 188 876 97 A me ſtiller tout foubz ton habitude.

342 318 1022 105 Tu m’apprens donc eſtre trop plus de gloire,

398 253 811 93 Heureux ſeruicɇ en libre ſeruitude,

338 390 844 80 Souffrir pour vnɇ en ſa manſuetnde,

338 449 915 104 Que d’auoir eu de toutɇ aultre victoire.

753 549 214 101 XIII.

342 648 858 99 L'œil, autresfois ma ioyeuſe lumiere,

340 723 791 91 En ta beaulté fut tellement deceu,

340 786 831 95 Que de fontainɇ eſtendu en ryuiere,

344 854 817 83 Veut reparer le mal par luy conceu.

417 919 807 88 Car telle ardeur le cœur en à receu,

344 982 917 81 Que le corps vif eſt ià reduict en cendre:

342 1047 1089 88 Dont l’œil piteux fait ſes ruiſſeaulx deſcendre

338 1116 844 84 Pour la garder d’eſtre du vent rauie,

338 1177 988 94 Affin que moyſte aux os ſe puiſſe prendre,

340 1250 923 84 Pour ſembler corps, ou vmbre de ſa vie.

705 1366 254 83 XIIII.

338 1441 802 97 Elle me tient par ces cheueulx lyé,

342 1514 867 87 Et ie la tien par ceulx là meſmes priſe.

335 1582 763 84 Amour ſubtil au noud ſ'eſt allié

342 1649 856 80 Pour ce deuaincrɇ vne ſi ferme priſe:

342 1712 997 86 Combien qu’ailleurs tendiſt ſon entrepriſe,

344 1777 987 88 Que de vouloir deux d'vn feu tourmenter.

417 1842 914 90 Car (& vray eſt) pour experimenter

342 1905 984 88 Dedans la foſſɇ à mys & Loup, & Chieure,

344 1972 863 86 Sans ſe pouoir l’vn l’aultre contenter,

344 2043 842 132 Sinon reſpondrɇ a mutuelle fiebure.

1331 2110 109 70 XV.
