1623 2523
330 65 69 120 12

646 81 389 114 DELIE.

334 191 760 105 Le m'à nyé, comme perncieuſe.

399 275 853 86 Pourquoy ſur moy, ò trop officieuſe,

326 334 760 86 Pers tu ainſi ton pouoir furieux?

336 397 922 90 Veu qu’en mes mortz Deliɇ ingenieuſe

328 460 1061 92 Du premier iour m’occit de ſes beaulx yeulx.

700 540 236 126 XVII.

332 655 1053 99 Plus toſt ſeront Rhoſnɇ & Saone deſionctz,

334 729 981 88 Que d’auec toy mon cœur ſe deſaſſemble:

332 794 1053 93 Plus toſt ſeront l'vn & l’aultre Mont ioinctz,

334 864 1063 90 Qu'auecques nous aulcun diſcord ſ'aſſemble:

334 931 956 76 Plus toſt verrons & toy, & moy enſemble

334 992 941 90 Le Rhoſnɇ aller contremont lentement,

334 1059 762 84 Saone monter treſuiolentement,

332 1122 928 93 Que ce mien feu, tant ſoit peu, diminue,

332 1187 924 91 Ny que ma foy deſcroiſſɇ aulcunement.

330 1253 1029 94 Car fermɇ amour ſans eulx eſt plus, que nue.

728 1373 278 68 XVIII.

330 1452 853 95 Qui ſe delectɇ a bien narrer hiſtoires

332 1528 952 88 Perpetuant deshaultz Princes les geſtes:

330 1593 920 86 Qui ſe triumphɇ en ſuperbes victoyres,

332 1663 861 86 Ou ſ'enaigriſt aux Satyres moleſtes:

330 1726 933 82 Qui chantɇ auſsi ſes amours manifeſtes,

332 1787 949 77 On ſe complaict a plaiſamment deſcrire

334 1856 966 84 Farces & Ieux eſmouuantz Gentz a rire.

397 1923 929 84 Mais moy: ie n’ay d’eſcrirɇ aultre ſoucy,

330 1980 865 95 Fors que de toy, & ſi ne ſçay que dire,

332 2045 775 107 Sinon crier mercy, mercy, mercy.

1336 2136 95 67 XV.
