1623 2513
1223 81 46 105 13

571 73 197 102 XIX.

184 184 986 98 Moins ne pourroit & la foy, & l’hommage,

190 263 716 88 Que nous lyer a ſon obeiſſance:

184 324 890 82 Si contre tort, & tout public dommage

178 395 942 80 Nous ne vouions le cœur, & la puiſſance.

238 448 1022 102 Donc au Vaſſal fut grand meſcõgnoiſſance

186 521 1062 80 Quand plus, que ſoy, faingnãt ſa Frãcɇ aymer,

180 588 800 77 Oſa en vain, & ſans honte ſ’armer.

240 651 1014 100 Mais celle part, commɇ on dit, la greigneur,

182 714 883 98 Deceut celuy, qui pour trop ſ'eſtimer

192 789 894 84 Vint contre ſoy, ſon pays, ſon Seigneur.

613 862 134 99 XX.

188 986 915 82 Peuuent les Dieux ouyr Amantz iurer,

188 1053 815 90 Et rirɇ apres leur promeſſe mentie?

184 1118 881 86 Autant ſeroit droict, & faulx pariurer,

192 1179 802 94 Qu'eriger loy pour eſtrɇ aneantie.

192 1243 873 93 Mais la Nature en ſon vray conuertie

198 1313 932 79 Tous paches ſainctz obligɇ a reuerence.

261 1373 951 82 Voy ce Bourbon qui delaiſſant Florence,

186 1440 808 99 A Rommɇ alla, a Romme deſolée,

190 1516 882 88 Pour y purger honteuſement l’offence

192 1572 672 99 De ſa Patriɇ, & ſa foy violée.

615 1656 191 94 XXI.

192 1777 966 84 Le Cerf volant aux aboys de l’Auſtruche

192 1847 836 75 Hors de ſon giſtɇ eſperdu ſ'enuola:

192 1907 936 88 Sur le plus hault de l’Europɇ il ſe iuſche,

194 1972 825 90 Cuydant trouuer ſeurté, & repos là,

192 2035 804 107 Lieu ſacrɇ, & ſainct, lequel il viola

1174 2096 116 96 Par
