1620 2521
348 96 68 80 14

689 71 355 94 DELIE.

355 174 941 99 Par main a tous prophanément notoyre.

350 321 853 80 Luy fut ſon nom inſignément playé,

418 252 849 75 Auſsi par mort precedant la victoyre

352 378 1011 90 Commɇ au beſoing pour ſon loz meritoyre

344 445 813 111 De foy ſemblablɇ a la ſienne payé.

741 539 240 112 XXII.

350 644 788 95 Commɇ Hecaté tu me feras errer

348 716 982 88 Et vif, & mort cent ans parmy les Vmbres:

350 779 837 88 Comme Dianɇ au Ciel me reſſerrer,

348 846 982 78 D'ou deſcendis en ces mortelz encombres:

348 913 961 84 Comme regnantɇ aux infernalles vmbres

352 976 917 91 Amoindriras, ou accroiſtras mes peines.

416 1044 977 92 Mais comme Lunɇ infuſe dans mes veines

342 1107 723 86 Celle tu fus, es, & ſeras DELIE,

342 1172 954 92 Qu’Amour à ioinct a mes pensées vaines

355 1235 859 96 Si fort, que Mort iamais ne l’en deſlie.

697 1378 273 73 XXIII.

348 1447 696 84 Seule raiſon, de la Nature loy,

352 1510 797 92 T’à de chaſcun l’affection acquiſe.

338 1579 813 89 Car ta vertu de trop meilleur alloy,

344 1649 981 84 Qu’Or monnoyé, ny aultre choſɇ exquiſe,

350 1714 866 80 Te veult du Ciel (ô tard) eſtre requiſe,

346 1768 1082 97 Tant approchantɇ eſt des Dieux ta couſtume.

399 1840 975 94 Doncques en vain trauailleroit ma plume

342 1903 685 94 Pour t’entailler a perperuité:

350 1970 1047 99 Mais ton ſainct feu, qui a tout bien m'allume,

336 2033 617 126 Replendira a la poſterité.

1262 2115 166 78 xxiiij.
