1616 2526
480 871 329 130 XXIIII.

132 974 1102 122 Quand l’œil aux champs eſt d'eſclairs esblouy,

136 1041 1054 118 Luy ſemble nuict quelque part, qu’il regarde:

139 1113 762 101 Puis peu a peu de clarté reſiouy,

136 1164 1039 117 Des ſoubdains feuz du Ciel ſe contregarde.

183 1235 1055 114 Mais moy conduict deſſoubs la ſauuegarde

130 1307 811 94 De ceſte tiennɇ, & vnique lumiere,

136 1368 793 101 Qui m'offuſca ma lyeſſe premiere

132 1429 894 116 Par tes doulx rayz aiguement ſuyuiz,

139 1500 889 108 Ne me pers plus en veue couſtumiere.

198 1566 796 109 Car ſeulement pour t’adorer ie vis

490 1654 207 105 XXV.

136 1770 877 107 Tu fais, cruel, ſes pensées meurdrieres

130 1825 1083 126 Du bien, donc ſuis, long temps à, pourfuyuant,

143 1892 948 122 Tu la rendz ſourdɇ a mes chaſtes prieres,

145 1959 935 116 Tant que mon mal eſt a moy ſuruiuant.

141 2025 920 132 Tu fais ſoubdain, & deffais, moy viuant,

1215 92 40 97 15

1148 2134 67 84 Se
