1606 2521
359 69 67 105 16

599 65 426 100 DELIE.

363 180 986 88 Ce, que le temps a grand peinɇ extermine.

433 256 1019 82 Fais donc, Amour, que peu d’heure termine.

365 319 906 75 Si long launguir par reuoluz momentz:

361 386 780 78 Ou ie diray, que ton arc examine

367 455 929 84 Neronneriɇ en mes ſi griefz tourmentz.

786 533 271 101 XXVI.

369 638 890 95 Ie voy en moy eſtre ce Mont Foruiere

372 714 935 84 En mainte part pincé de mes pinceaulx.

363 777 961 90 A ſon pied court l’vnɇ & l'aultre Riuiere,

374 838 1051 88 Et iuſqu'aux miẽs deſcẽdent deux ruiſſeaulx.

435 909 1017 84 Il eſt ſemé de marbrɇ a maintz monceaulx,

372 970 872 90 Moy de glaçons: luy aupres du Soleil

369 1037 959 82 Ce rend plus froid, & moy près de ton œil

374 1105 941 88 Ie me congelɇ: ou loing d’ardeur ie fume.

369 1163 898 101 Seulɇ vne nuict fut ſon feu nompareil:

369 1228 1056 112 Las touſiours i’ars, & point ne me conſume.

723 1298 319 132 XXVII.

376 1426 965 109 Voyant ſoubdain rougir a blancheneige

372 1506 969 82 Au rencontrer choſe, qui luy meult honte,

386 1575 959 82 Vaine raiſon mes ſens troublez ſurmonte,

378 1632 820 94 Et ià la fin de mes deſirs me pleige.

449 1699 858 86 En ceſt eſpoir, treſmal aſſeuré pleige,

380 1766 898 84 Ie croy pitie ſoubz honteuſe doulceur.

378 1834 1009 84 Parquoy en moy, comme de mon bien ſeur,

382 1892 919 95 Ie fais pleuuoir ioyes a ſi grand ſomme,

384 1957 915 97 Qu'en fin me tirɇ au fons de ſa groſſeur

388 2023 1003 121 Vn doulx obly de moy, qui me conſomme.

1292 2088 179 90 xxviij.
