1616 2526
1171 84 63 84 17

501 69 339 93 XXVIII.

143 181 864 92 Ay ie peu veoir le vermeil de la honte

145 252 746 82 Ardoir la face a ſon honneſteté?

145 326 881 73 Et croire encor, que la pitié luy monte

136 378 871 87 Sur le plus cher de ſa grand' chaſteté?

198 444 1013 94 Meilleur, ô Cœur, m’eſt d’auoir chaſtɇ eſté

145 515 876 84 En ſi pudique, & hault contentement:

147 578 847 82 Et abhorir pour vil contemnement

139 639 1015 99 Le bien, qu’Amour (Amour laſsif) conſeille.

198 711 815 74 Car ie iouys du ſainct aduenement

143 772 977 99 De ce grand Pape abouchant a Marſeille.

539 856 255 108 XXIX.

147 976 879 82 Deſſus le Cœur vouloit ſeul maiſtriſer

143 1039 1081 91 L'aueugle Archier, qui des dieux eſt le maiſtre:

145 1109 866 82 La Parque auſsi le veult ſeigneuriſer,

147 1174 914 72 Qui des humains ſe dit ſeule dame eſtre.

183 1233 1041 95 Mais ſur ce poinct, qu’on le met en ſequeſtre,

143 1300 942 80 Ma Damɇ acoup ſ'en ſaiſit par cautelle.

151 1361 866 91 Tu ne deçoys, dit il, ces deux cy, Belle,

143 1427 1074 103 Mais moy: car mort m’euſt faict paix receuoir,

136 1500 951 89 Amour victoire: & ſoubz ta main cruelle

145 1561 881 91 Ne puys mercy, tant ſoit petitɇ, auoir.

535 1637 212 103 XXX.

145 1755 904 97 Des yeulx auſquelz ſ'enniche le Soleil,

147 1831 851 86 Quand fus le ſoir du iour il ſe depart,

145 1896 889 93 Delaſché fut le doulx traict nompareil

147 1963 815 78 Me penetrant iuſques en celle part,

143 2025 969 117 Ou l'Amɇ attaincte or' a deux il meſpart,

937 2106 278 68 b 1 Laiſ¬
