1606 2521
372 92 40 71 16

355 186 817 93 Laiſſant le cœur le moins intereſſé,

359 256 782 84 Et toutestois tellement oppreſſé,

365 323 847 84 Que du remedɇ il ne s’oſɇ enquerir.

412 378 834 94 Car, ſe ſentant quaſi Serpent bleſſé,

361 451 856 82 Rien ne le peult, non Dorion, guerir.

756 525 271 136 XXXI.

359 642 1089 99 Les triſtes Sœurs plaingnoiẽt l'antiquɇ offenſe,

365 722 953 72 Quand au plus doulx ſerain de noſtre vie

359 783 990 84 Deſdaing ſ’eſmeut pour honneſte deffence

357 859 902 63 Contre l’ardeur de noſtre chaſtɇ enuie:

357 915 946 87 Et l’eſperancɇ en long temps pourſuyuie

365 981 917 84 Ne nous peut lors, tant ſoit peu, alleger.

439 1039 744 89 O vaine ſoy, ô croire trop leger,

359 1100 954 86 Qui vous reçoit ſe fait ſon mortel hoſte:

359 1174 870 78 Pour non pouoir ce malheur abreger,

359 1233 916 86 Qui le doulx bien de liberté nous oſte.

756 1369 303 51 XXXII.

365 1447 957 97 Soit que l’erreur rendɇ autant ſuſpect,

365 1518 753 87 Que le peché de ſoy me iuſtifie,

361 1581 912 87 Ne debuois tu au Temps auoir reſpect,

369 1659 862 74 Qui touſiours vit, & qui tout verifie?

418 1714 862 80 Mais l’impoſturɇ, ou ton croire ſe fie,

353 1775 872 90 A faict l'offencɇ, & toy, & moy irrite.

416 1840 904 90 Parquoy, ainſi qu’a chaſcun ſon merite

359 1907 877 86 Requiert eſgal, & ſemblable guerdon,

361 1974 687 82 Meritera mon leger demerite

357 2033 862 137 D'eſtre puny d’vn plus léger pardon.

618 77 391 99 DELIE.

1250 2090 183 103 xxxiij.
