1616 2523
1201 100 53 112 19

483 922 343 93 XXXIII.

153 1015 875 99 Tant eſt Naturɇ en volenté puiſſante,

143 1084 829 82 Et volenteuſɇ en ſon foible pouoir,

140 1145 973 99 Que bien ſouuent a ſon vueil blandiſſante,

138 1219 859 80 Se voit par ſoy grandement deceuoir.

195 1280 781 78 A mon inſtinct ie laiſſe conceuoir

140 1335 949 101 Vn doulx ſouhait, qui non encor bien né,

136 1404 808 86 Eſt de plaiſirs nourry, & gouuerné

132 1471 922 84 Se paiſſant puis de choſe plus haultaine.

197 1536 751 78 Lors eſtant creu en deſir effrené,

126 1595 894 97 Plus ie l'attiurɇ & plus a ſoy m’entraine.

454 1713 389 93 XXXIIII.

124 1799 864 110 Ie ne l’ay veuɇ encor, ne toy congneue

124 1879 902 103 L’erreur, qui tant de coulpe m’impoſa:

124 1940 707 91 Sinon que foy en ſa purité nue

119 1999 750 95 Cauſaſt le mal, a quoy ſe diſpoſa

128 2066 764 124 Ton leger croirɇ, & tant y repoſa,

927 2144 289 107 b 2 Que
