1606 2525
372 128 57 69 20

764 113 322 76 DELIE.

370 204 935 96 Que ton cœur foid s'y mit totallement:

366 279 894 80 Dont i’ay en moy conclu finablement

372 353 781 80 De compoſer a toute repentence,

374 412 874 76 Puis que ma vie on veult cruellement

374 475 882 86 Pour autruy faultɇ oſfrir a penitence.

738 559 291 101 XXXV.

376 669 968 92 La deux Croiſſantz la Lune m'à monſtré:

372 740 918 78 Autant de fois plaine nous eſt deſcreue:

370 808 960 75 Et deux Soleilz, qui m’ont cy rencontré,

376 881 912 65 Autant de toy m’ont la memoire creue,

378 940 891 72 Que m'eſt la forcɇ en l’attente recreue

385 997 1079 95 Pour le long temps, qui tant nous deſaſſemble,

389 1066 995 82 Que vie, & moy ne pouons eſtrɇ enſemble.

442 1129 886 76 Car le mourir en ceſte longue abſence

376 1193 1044 90 (Non toutesfois ſans viurɇ en toy) me ſemble

385 1258 835 86 Seruice eſgal au ſouffrir en preſence.

738 1344 329 95 XXXVI.

387 1462 736 82 Le Forgeron villainement erra,

383 1525 1031 82 Combien qu'il ſçeuſt tellɇ eſtre ſa couſtume,

383 1594 993 78 Quand a l'Archier l’aultre traict d’or ferra,

391 1660 943 84 Par qui les cœurs des Amantz il allume.

444 1727 894 76 Car eſpargnant, poſsible, ſon enclume,

383 1792 747 80 Il nous ſubmit a eſtmable prys,

385 1855 1021 76 Pour mieux attrairɇ, & les attraictz ſurpriz

383 1921 745 75 Conſtituer en ſeruɇ obeiſſance.

456 1984 952 90 Mais par ce traict attrayant Amour pris

393 2051 859 109 Fut aſſeruy ſoubz l’auare puiſſance.

1275 2093 204 118 xxxvij.
