1616 2523
1174 117 63 89 22

458 111 373 86 XXXVII.

149 210 1058 96 Bien paindre ſçeut, qui feit Amour aueugle,

151 283 886 78 Enfant, Archier, paſle, maigre, volage:

149 351 814 75 Car en tirant ſes Amans il aueugle,

143 414 1003 80 Amolliſſant, comme enfantz, leur courage:

149 481 987 86 Paſles par cure, & maigres par grand rage:

149 546 1081 78 Plus inconſtans, que l’Autumne, ou Printẽps.

208 609 869 74 Auſsi; ô Dieu en noz cœurs tu eſtens

147 670 1010 91 L’amour par l’Or plaiſant, chault, attractif,

151 746 1075 80 Et par le Plomb tu nous rendz mal contentz,

151 803 924 92 Comme mol, froid, peſant & retrainctif.

454 887 425 105 XXXVIII.

147 1004 829 87 Bien fut la main a ſon peril experte,

159 1082 874 65 Qui ſur le dos deux aeles luy paingnit.

216 1141 819 76 Car lors i’eu d’elle euidente la perte,

147 1202 1096 88 Quãd moins cuydois qu’a m’aymer me faĩgnit.

151 1276 934 71 Et neantmoins ma foy me conſtraingnit

149 1339 732 71 A me fier en ſon erreur patente.

235 1400 846 69 O combien peult ceſte vertu latente

151 1463 936 82 De croirɇ, & veoir le rebours clerement,

157 1526 1019 92 Tant que pour viure en ſi doubteuſe attente,

153 1595 823 84 Ie me deçoy trop vouluntairement.

542 1686 331 82 XXXIX.

155 1797 819 78 Par maint  orage ay ſecouru fortune

157 1860 775 76 Pour afferrer ce Port tant deſiré:

155 1921 985 82 Et tant me fut l’heur, & l’heure importune,

166 1991 791 84 Qu’a peine i’ay iuſques cy reſpiré.

220 2059 891 104 Parquoy voyant, que mon bien aſpiré

978 2125 259 76 b3 Me
