1599 2522
368 100 73 91 22

690 96 372 93 DELIE.

374 205 844 87 Me menaſſoit & ruynɇ, & naufrage,

372 279 850 76 Ie fey carenɇ attendant à l'vmbrage,

374 336 873 86 Que voile feit mon aueugle Nocher,

370 399 890 92 Qui deſpuis vint ſurgir en telle plage,

378 464 968 99 Qu’il me perdit, luy ſauluɇ, en ton rocher.

765 561 154 88 XL.

372 657 966 108 Quiconques fut ce Dieu, qui m'enſeigna

361 739 823 86 Celle raiſon, qui d'elle me reuoque,

370 796 1003 90 D'vn trop grand bien, certes il me daingna:

368 867 1054 93 Pource qu’a mieulz ma voulenté prouoque.

427 931 869 88 Auſsi, ô Dieux, par effect reciproque

366 998 721 78 Ie n'euſſe ſçeu a ce bort arriuer,

368 1061 810 82 Sans la vouloir totallement priuer,

363 1120 897 88 De ce, qu'a moy elle fait grand cherté,

441 1191 863 91 Car loy d’Amour eſt de l’vn captiuer,

359 1252 831 99 L’aultre donner d’heureuſe liberté.

763 1313 196 132 XLI.

363 1466 836 93 Le veoir, l’ouyr, le parler, le toucher

361 1538 899 76 Finoient le but de mon contentement,

366 1595 1083 82 Tant que le bien, qu'Amantz ont ſur tout cher,

359 1656 1035 88 N'euſt oncques lieu en noſtre accointement.

443 1723 882 92 Que m’à valu d’aymer honneſtement

357 1784 939 82 En ſainctɇ amour chaſtemeut eſperdu?

355 1849 957 95 Puis que m'en eſt le mal pour bien rendu,

351 1916 930 93 Et qu’on me peult pour vice reprocher,

353 1977 1065 105 Qu'en bien aymant i’ay promptement perdu

355 2042 886 118 La veoir, l'ouyr, luy parler, la toucher.

1380 2091 61 115 Si
