1603 2520
1201 100 55 89 23

554 867 208 80 XLII.

161 966 828 77 Si doulcement le venin de tes yeulx

161 1031 937 82 Par meſme lieu aux ſonz du cœur entra,

165 1096 837 75 Que ſans douleur le deſir ſoucyeux

161 1163 759 78 De liberté tout ſeul il rencontra.

168 1241 850 71 Mais l’occupant, peu a peu, penetra,

163 1289 891 80 Ou l’Ame librɇ en grãd ſeurté viuoit:

216 1360 847 76 Alors le ſang, qui d’elle chargɇ auoit,

165 1421 1028 84 Les membres laiſſɇ, & fuit au profond Puys.

174 1484 924 74 Voulant cacher le feu, que chaſcun voit.

168 1545 823 109 Lequel ie couurɇ, & celer ne le puis.

556 1656 284 82 XLIII.

170 1730 863 107 Moins ie la voy, certes plus ie la hays:

170 1820 882 86 Plus ie la hays, & moins elle me faſche.

165 1885 975 84 Plus ie l’eſtimɇ, & moins compte i'en fais:

172 1953 968 94 Plus ie la fuys, plus veulx, qu'elle me ſache

207 2026 1034 111 En vn momẽt deux diuers traictz me laſche

907 2085 349 94 b 4 Amour
