1599 2522
359 107 72 71 24

717 81 339 103 DELIE.

361 189 865 92 Amour, & hayne, ennuy auec plaiſir.

424 266 956 87 Fortɇ eſt l'amour, qui lors me vient ſaiſir,

359 332 985 86 Quand hayne vient, & vengeance me crie:

353 397 814 80 Ainſi me faict hayr mon vain deſir

361 470 1029 80 Celle, pour qui mon cœur touſiours me prie.

715 552 332 89 XLIIII.

357 653 863 95 Si le ſoir pert toutes plaiſantes fleurs,

355 729 854 75 Le temps auſsi toute choſe mortelle,

353 796 1096 86 Pourquoy veult on me mettre en plainctz &

1247 722 192 97 (pleurs,

353 867 1088 78 Diſant qu’ellɇ eſt encor moins, qu’immortelle?

416 926 903 72 Qui la pensée, & l’œil mettroit ſus elle,

351 987 860 78 Soit qu’il fut pris d’amoureuſe lieſſe,

351 1050 894 87 Soit qu'il languiſt d’aueuglée triſteſſe,

347 1113 841 82 Bien la diroit deſcendue des Cieulx,

357 1181 903 82 Tant s’en faillant qu’il ne la diſt Déeſſe,

349 1242 921 90 S’il la voyoit de l’vn de mes deux yeulx.

753 1349 223 88 XLV.

347 1439 930 99 Ma ſacɇ, angoiſſe a quiconques la voit,

347 1513 730 86 Euſt a pitié eſmeue la Scythie:

345 1578 892 82 Ou la tendreſſɇ, en ſoy que cellɇ auoit,

347 1645 860 80 S’eſt ſoubz le froit de durté amortie.

401 1710 779 80 Quelle du mal ſera donc la ſortie,

342 1771 829 80 Si ainſi foible eſt d’elle l’aſſeurance?

342 1838 836 74 Auec le front ſerenant l’eſperance,

338 1902 848 86 I'aſſeure l’Amɇ, & le Cœur obligez,

342 1969 994 78 Me promettant, au moins, pour deliurance

336 2032 890 124 La Mort, ſeul bien des triſtes affligez.

1293 2101 127 97 xlvj.
