1613 2520
1176 92 58 113 25

529 73 275 97 XLVI.

170 180 663 107 Si le deſir, image de la choſe,

168 252 974 100 Que plus on aymɇ, eſt du cœur le miroir,

168 319 982 94 Qui touſiours fait par memoirɇ apparoir

163 388 807 84 Cellɇ, ou l’eſprit de ma vie repoſe,

159 449 901 99 A quelle fin mon vain vouloir propoſe

163 518 929 93 De m'eſloingner de ce, qui plus me ſuyt?

243 579 922 95 Plus fuit le Cerf, & plus on le pourſuyt,

161 648 1088 91 Pour mieulx le rendre, aux rhetz de ſeruitude:

163 720 941 82 Plus ie m’abſente, & plus le mal ſ'enſuyt

165 774 914 101 De ce doulx bien, Dieu de l’amaritude.

546 871 313 86 XLVII.

161 974 994 99 M’euſt elle dict, aumoins pour ſa deffaicte,

163 1047 868 80 Ie crains, non toy, mais ton affection:

161 1110 847 84 I'euſſe creu lors eſtre bien ſatisfaicte

168 1176 877 81 La miennɇ en elle honneſte intention.

233 1243 808 88 Mais eſmouoir ſi grand diſſention

170 1306 1079 84 Pour moins, que rien, ne peult eſtre que faulte:

170 1373 827 90 Faulte ie dy, d’auoir eſté mal caulte

172 1446 668 78 A receuoir du bien fruition,

176 1501 920 84 Qui nous euſt faictz aller la teſte hauſte

178 1564 981 97 Trop plus haultains, que n’eſt l’Ambition.

525 1648 344 99 XLVIII.

172 1766 951 84 Si onc la Mort fut treſdoulcement chere,

168 1835 922 88 A l’Amɇ doulce ores cherement plaict:

174 1902 790 82 Et ſi la viɇ euſt onc ioyeuſe chere,

186 1963 948 86 Toute contente en ce corps ſe complaict.

247 2028 834 105 A l’vn aggrée, & a l’aultre deſplaict.

877 2087 378 97 b 5 L’eſtre
