1612 2522
369 88 84 71 26

367 174 860 99 L’eſtrɇ apparent de ma vaine fumée,

372 231 943 98 Qui toſt eſtainctɇ, & ſoubdain rallumée,

376 306 853 95 Tient l'eſperancɇ en lubrique ſeiour.

445 374 1013 84 Dont, commɇ au feu le Phœnix, emplumée

367 437 957 96 Meurt, & renaiſt en moy cent fois le iour.

765 533 260 78 XLIX.

372 641 912 81 Tant ie l’aymay, qu’en ellɇ encor ie vis:

365 706 965 90 Et tant la vy, que, maulgre moy, ie l’ayme.

363 775 816 78 Le ſens, & l’ame y furent tant rauis,

365 832 1087 96 Que par l’Oeil fault, que le cœur la deſayme.

422 895 811 88 Eſt il poſsiblɇ en ce degré ſupreme

369 968 858 87 Que fermeté ſon oultrepas reuoque?

439 1027 1004 88 Tant fut la flãmɇ en nous deux reciproque,

359 1092 1093 99 Que mon feu luict, quãd le ſien clair m’appert.

359 1158 944 92 Mourant le ſien, le mien toſt ſe ſuffoque.

353 1225 809 94 Et ainſi ellɇ, en ſe perdant, me pert.

863 1355 65 48 L.

353 1397 695 111 Perſeuerant en l'obſtination

350 1494 908 86 D'vn qui ſe veult recouurer en ſa perte,

353 1557 702 82 Ie ſuy touſiours la declination

355 1626 832 78 De ma ruyue euidamment apperte.

432 1687 908 91 Car en ſa foy, de moy par trop experte,

350 1754 1030 89 Ie me prometz le hault bien de mon mieulx.

350 1815 917 91 Elle ſ'en rit, atteſtant les haultz Dieux:

350 1878 929 95 Ie voy la faincte, & ſi ne ſçay, qu'y faire:

348 1950 957 86 Fors que faiſant deluger mes deux yeulx,

346 2011 1030 115 Ie maſchɇ Abſcyncɇ en mon piteux afſaire.

657 73 402 99 DELIE.

1380 2084 44 91 lj
