1613 2520
1197 92 58 78 27

567 873 121 84 LI.

178 970 1073 94 Si grand beaulté, mais bien ſi grand merueille,

172 1041 777 82 Qui a Phebus offuſque ſa clarté,

174 1104 785 84 Soit que ie ſois preſent, ou eſcarté,

174 1176 857 75 De ſorte l’amɇ en ſa lueur m’eſueille,

174 1236 987 82 Qu’il m'eſt aduis en dormant, que ie veille,

178 1312 863 76 Et qu’en ſon iour vn eſpoir ie preuoy,

176 1367 937 79 Qui de bien brief, ſans deſlay, ou renuoy,

174 1425 815 91 M’eſclercira mes pensées funebres.

243 1493 937 86 Mais quand ſa facɇ en ſon Mydy ie voy,

172 1560 876 105 A tous clarté, & a moy rend tenebres.

564 1646 171 99 LII.

176 1755 811 88 Le fer ſe laiſſɇ, & fourbir, & brunir,

180 1827 874 90 Pour ſe gaigner auec ſon luſtre gloire:

180 1892 943 84 Ou mon trauail ne me fait, qu'embrunir

182 1953 941 92 Ma foy paſſant en ſa blancheur I'yuoire.

243 2018 842 111 Ie contendrois par deſſus la victoire:

1113 2076 147 99 Mais
