1612 2522
363 98 63 86 28

720 81 337 101 DELIE.

361 191 971 90 Mais hazardant haz ard en mes malheurs,

359 262 952 86 Las ie me fais deſpouillɇ a mes douleurs,

361 321 1017 97 Qui me perdantz, au perdre me demeurent,

361 390 916 84 Me demeurantz ſeulement les couleurs

357 456 1082 94 De mes plaiſirs, qui, me naiſſantz, me meurent.

760 548 208 90 LIII.

357 645 880 94 L'Archirecteur de la Machine ronde,

353 718 763 89 Multipliant ſa diuine puiſſance,

357 786 851 77 Pour enrichir la poureté du Monde

353 849 998 88 Crea FRANCOYS d’admirable preſtance:

353 912 979 86 Duquel voulant demonſtrer la conſtance,

359 975 857 82 Vertu occultɇ il l'à ſoubdain ſubmis

348 1042 921 88 Aux foibles mains de ſes fiers ennemys,

350 1107 892 90 Choſe ſans luy vrayement impoſsible.

409 1174 887 87 Puis l’acceptant de ſes prouuez amys,

348 1235 845 84 L’à remis ſus en ſa forcɇ inuincible.

746 1356 256 60 LIIII.

342 1448 866 82 Glorieux nom, glorieuſɇ entreprinſe

342 1511 956 92 En cœur Royal, hault ſiege de l’honneur,

338 1580 874 84 Luy feit combatrɇ en ſi dure ſurpriſe

338 1645 895 86 L’hoir de Iaſon guidé par le bon heur.

340 1710 828 76 De palmɇ auſsi le iuſte Coronneur

340 1773 771 76 L'en à orné, durant qu’il à veſcu.

403 1838 727 78 Car, ſe faiſant de ſa Patrie eſcu,

338 1899 857 84 Feu confeſſer a la Famɇ importune,

340 1967 883 90 Que celuy n’eſt ny peult eſtre vaincu,

338 2032 912 109 Qui combat ſeul Ennemy & Fortune.

1359 2097 76 103 lv.
