1613 2520
571 94 161 92 LV.

159 186 1071 124 L’Aigle volant plus loing, qu’oncques ne fit,

161 275 956 88 Cuydoit r’entrer en ſon Empirɇ antique:

155 329 752 93 Paſſa la Mer, ou aſſes toſt deffit

168 394 1043 97 Vn noueau Monſtre en ce pays d’Aphrique:

163 459 1017 95 Puis print ſon vol droict au Soleil Gallique,

165 535 889 82 Duquel l’ardeur ne viue, ne mourante,

159 596 952 92 Mais en ſon chault moderé demourante,

168 674 877 79 Et ſ'attrempant, peu a peu lentement

170 728 932 88 La tranſmua en vnɇ Auſtruchɇ errante,

178 795 744 89 Qui vole bas, & fuit legerement.

615 886 195 88 LVI.

176 989 851 90 Le Corps trauaille a forces eneruées,

178 1060 786 84 Se reſoluant l'Eſprit en autre vie.

178 1123 912 82 Le Sens troublé voit choſes controuées

178 1190 859 86 Par la memoire en phantaſmes rauie.

178 1251 796 93 Et la Raiſon eſtant d’eulx aſſeruie

182 1325 912 82 (Non aultrement de ſon propre deliure)

184 1388 914 82 Me detenant, ſans mourir, & ſans viure,

184 1451 885 79 En toy des quatrɇ à mis leur gueriſon.

249 1512 1002 88 Doncques a tort ne t'ont voulu pourſuyure

186 1575 918 96 Le Corps, l'Eſprit, le Sens, & la Raiſon.

592 1667 241 97 LVII.

180 1778 947 82 Comme celluy, qui iouant a la Mouſche,

189 1848 838 84 Eſtend la main, apres le coup receu,

191 1913 1058 84 Ie cours a moy, quand mon erreur me touche,

191 1976 972 82 Me congnoiſſant par moymeſmes deceu.

268 2047 864 95 Car lors que i’ay clerement apperceu,

1165 90 69 88 29

1077 2104 187 92 Que de
