1612 2522
355 115 77 55 30

678 88 385 92 DELIE.

357 193 897 97 Que de ma foy plainement ellɇ abuſe,

359 262 864 91 Ceſte me ſoit, dy ie, dernierɇ excuſe:

355 329 1034 101 Plus ie ne veulx d’ellɇ aulcun bien chercher.

353 388 878 93 L'ay ie iuré! ſoubdain ie m’en accuſe,

353 456 912 92 Et, maulgré moy, il me fault cheuecher.

714 563 284 80 LVIII.

353 651 968 103 Quand i’apperceu au ſerain de ſes yeulx

348 727 858 92 L’air eſclarcy de ſi longue tempeſte,

346 792 1055 86 Ià tout empeinct au prouffit de mon mieulx,

348 857 1087 97 Commɇ vn vainqueur d’hõnorable conqueſte,

342 922 755 76 Ie commencay a eſleuer la teſte:

342 985 828 86 Et lors le Lac de mes nouelles ioyes

338 1055 895 84 Reſtangna tout, voire dehors ſes voyes

338 1115 929 89 Aſſes plus loing, qu'onques ne feit iadis.

338 1172 1074 97 Dont mes penſers guidez par leurs Mõtioyes,

336 1250 962 82 Se paonnoient tous en leur hault Paradis.

722 1382 185 80 LIX.

338 1456 887 107 Tairɇ, ou parler ſoit pemis a chaſcun,

332 1530 826 90 Qui librɇ arbitrɇ a ſa voulenté lye.

325 1584 1095 105 Mais ſ'il aduient, qu'entre pluſieurs quelqu'vn

336 1660 899 86 Te die: Dame, ou ton Amant ſɇ oblye,

325 1725 875 84 Ou de la Lunɇ il fainct ce nom Delie

323 1784 1028 90 Pour te monſtres, commɇ ellɇ, ɇſtre muable:

323 1853 893 88 Soit loing de toy tel nom vituperable,

321 1918 940 93 Et viennɇ à qui vn tel mal nous procure.

388 1983 828 89 Car ie te celɇ en ce ſurnom louable,

319 2055 996 137 Pource qu'en moy tu luys la nuict obſcure.

1332 2122 74 84 lx
