1599 2516
526 901 143 69 LX.

132 989 1070 94 Si c’eſt Amour, pourquoy m'occit il dõcques,

132 1067 873 79 Qui tant aymay, & onq ne ſceuz hair?

128 1117 765 86 Ie ne m'en puis non aſſes esbahir,

128 1180 977 86 Et meſmement que ne l'offençay oncques:

125 1247 1081 96 Mais ſouffre encor, sãs cõplainctes quelcõques,

130 1314 982 84 Qu’il me couſume, ainſi qu’au feu la Cyre.

125 1377 743 82 Et me tuant, à viurɇ il me deſire,

125 1444 943 80 Affin qu’aymant aultruy, ie me deſayme.

193 1515 942 82 Qu’eſt il beſoing de plus oultre m’occire,

130 1570 1070 109 Veu qu'aſſes meurt, qui trop vainement ayme?

516 1675 184 75 LXI.

119 1769 791 97 Plus librement, certes i’accuſerois

121 1838 940 95 Le tien vers moy & froid, & lent courage:

121 1903 709 93 Si le deuoir duquel i’abuſerois,

123 1968 945 101 Ne te fuſt hontɇ, & a moy grand oultrage

186 2031 775 124 Car la ferueur d'vne ſi doulce rage

1189 100 46 80 31

977 2115 214 99 Suſpend
