1596 2522
355 98 65 78 32

721 79 324 91 DELIE.

351 182 919 95 Suſpend touſiours l’incertain d’amytié:

357 258 847 76 Qui fait ſouuent, que vraye inimitié

353 319 900 84 Se doubtɇ auſsi ſoubz prouuée vnion.

422 376 818 96 Mais, ſi tu veulx, par ta froide pitié

370 449 757 89 Tu deceuras la miennɇ opinion.

763 533 233 101 LXII.

365 645 871 92 Non cellɇ ardeur du Procyon celeſte

365 716 841 82 Nous fait ſentir de Phaeton l'erreur:

363 781 904 80 Mais ceſt aſpect de la Vierge modeſte

365 851 932 77 Phebus enflamme en ſi ardentɇ horreur,

370 916 1001 82 Qu’aux bas mortelz vient la froide terreur,

372 977 843 82 Qui de la peur de leur fin les offenſe.

428 1040 947 88 Voy: Seulement la memoirɇ en l’abſence

363 1118 919 69 De toy m’eſchauffɇ, & ard ſi viuement,

359 1176 862 87 Qu’en toy me fait ta diuine preſence

365 1250 930 88 Prouuer touſiours l’extreme iugement.

744 1354 282 58 LXIII.

363 1429 1039 94 L’Eſté bouilloit, & ma Damɇ auoit chault:

359 1506 959 87 Parquoy Amour viſtement ſe desbande,

361 1572 940 77 Et du bandeau l'eſuentant bas, & hauſt,

367 1641 1016 78 De ſes beaulx yeulx excite flamme grande,

370 1704 1045 78 Laquelle au voile, & puis de bande en bande,

363 1765 1094 88 Saulte aux cheueulx, dont l’Enfant ardẽt fume.

431 1834 958 89 Comment, dit il, eſt ce donc ta couſtume

372 1897 944 91 De mal pour bien a tes ſeruiteurs rendre?

367 1962 879 91 Mais c’eſt ton feu, dit elle, qui allume

365 2026 1016 111 Mon chaſte cœur, ou il ne ſe peult prendre.

1324 2093 141 86 lxiiij.
