1599 2516
1164 90 57 84 85

533 67 316 107 LXIIII.

138 180 1085 94 Des Mõtz hautains deſcendent les ruifſeaulx,

138 255 888 80 Fuyantz au fons des vmbreuſes vallés.

130 320 1082 86 Des champz ouuertz & beſtes, & oyſeaulx

128 385 952 84 Aux boyz ſerrez deſtournent leurs allées,

138 454 923 78 Les ventz bruyantz ſur les vndes ſallées,

132 517 967 72 Soubz creux rochers appaiſez ſe retirent.

197 587 959 73 Las de mes yeulx les grandz riuieres tirent

136 656 825 65 En lieux a tous, fors a ellɇ, euidentz.

132 710 946 76 Et mes ſouſpirs inceſſamment reſpirent,

130 771 946 92 Touſiours en Terrɇ, & au Ciel reſidentz.

524 865 216 103 LXV.

132 968 845 86 Continuant toy, le bien de mon mal,

132 1056 879 65 A t'exercer, comme mal de mon bien:

130 1111 929 82 I'ay obſerué pour veoir, ou bien, ou mal,

132 1172 820 75 Si mon ſeruicɇ en toy militoit bien.

195 1232 1017 93 Mais bien congneus appertement combien

132 1304 824 71 Mal i'adorois tes premieres faueurs.

132 1367 791 71 Car, ſauourant le ius de tes ſaueurs

132 1427 919 97 Plus doulx aſſes, que Succre de Madere,

134 1497 871 81 Ie creuz, & croy encor tes deffameurs,

138 1559 1064 95 Tant me tient ſien l'eſpoir, qui trop m’adhere.

476 1654 268 100 LXVI.

140 1752 766 88 Treſobſeruant d'eternellɇ amytié

134 1824 824 81 Ie me laiſſois aux eſtoilles conduire.

136 1889 867 86 Quand, admirant ſeulement a moytié

130 1951 814 91 Celle vertu, qui tant la faict reluire,

136 2025 1060 98 Soubdain doubtay, qu'elle me pourroit nuire.

879 2096 317 84 c 1 Pour
