1596 2522
370 92 79 76 34

693 65 387 122 DELIE.

384 194 921 72 Pour eſtrɇ a tous ſi grand contentement.

386 306 915 80 Et Corps & Cœur, à ià l'Ame conquiſe:

452 243 908 91 Dont froide peur ſurprenant lentement

393 376 1009 92 Tant griefue pertɇ eſt perdre promptement

389 439 904 103 Choſe par temps, & par labeur acquiſe.

725 521 305 124 LXVII.

386 628 917 103 Amour des ſiens trop durement piteux

393 706 877 84 Cacha ſon arc, abandonnant la Terre.

391 769 866 92 Delie voit le cas ſi deſpiteux,

403 836 919 86 Qu'auec Venus le cherchɇ, & le deterre.

464 899 936 86 Garde, luy diſt Cypris, qu'il ne t'enferre,

397 966 1077 93 Comme aultresfois mon cœur l’à bien prouué.

464 1025 833 78 Ie ne crains point ſi petit arc trouué,

395 1086 923 82 Reſpond ma Damɇ haultaine denenue.

397 1149 944 84 Car contre moy l'Archier ſ'eſt eſprouué:

397 1225 879 117 Mais tous armé l'ay vaincu toute nue.

719 1279 361 120 LXVIII.

397 1406 885 121 Comme lon voit ſur les froides pensées

399 1498 942 95 Maintz accidentz maintes fois aduenir,

393 1563 784 88 Ainſi voit on voulentez inſensées

399 1628 799 76 Par la memoirɇ a leur mal reuenir.

462 1691 787 72 A tout moment de toy le ſouuenir

397 1752 847 84 Ores la doubte, ores la ſoy me baille,

397 1815 803 80 Renouellant en moy celle bataille,

401 1864 1037 98 Qui iuſqu'en l’Amɇ en ſuſpend me demeure.

456 1939 1013 87 Auſsi vault mieux qu'ẽ doubtãt ie trauaille,

407 2002 968 148 Quɇ, eſtant certain, cruellement ie meure.

1352 2086 125 64 lxix
