1599 2518
1177 79 48 107 37

499 906 277 94 LXIX.

130 988 814 107 Par le penſer, qui forme les raiſons,

128 1063 1009 105 Comme la languɇ a la voix les motz dicte:

130 1133 883 90 I'ay conſommé maintes belles ſaiſons

128 1198 866 88 En ceſte viɇ heureuſement maudicte.

128 1263 896 79 Pour recouurer cellɇ a moy interdicte

132 1321 824 91 Par ce Tyrant, qui fait ſa reſidence

134 1393 896 84 Là, ou ne peult ne ſens, ne prouidence,

144 1447 859 80 Tant eſt par tout cauteleuſement fin.

195 1512 902 93 Ce neantmoins, maulgré la repentence,

132 1571 803 101 I'eſperɇ, apres long trauail, vne fin.

516 1684 218 99 LXX.

136 1762 720 120 Decrepité en vielles eſperances

128 1846 692 88 Mon ame, las, ſe deffie de ſoy.

134 1913 944 105 O Dieux, o Cieux, oyez mes douleances,

132 1976 816 99 Non de ce mal, que pour elle reçoy:

130 2050 969 100 Mais du malheur, qui, comme i'apperçoy,

969 2113 260 96 c 2 Eſt
