1596 2522
414 115 46 80 36

410 191 818 103 Eſt conjuré par vous en ma ruyne.

473 269 874 86 Vyſſe iɇ au moins eſclercir ma bruyne

403 340 848 82 Pour vn cler iour en deſirs proſperer.

471 397 738 82 Las abreué de ſi fortɇ Alluyne,

410 458 778 88 Mon eſperancɇ eſt a non eſperer.

803 554 256 82 LXXI.

412 666 843 77 Si en ton lieu i'eſtois, ô doulce Mort,

403 725 776 88 Tu ne ſerois de ta faulx deſſaiſie.

403 792 797 90 O fol, l’eſprit de ta viɇ eſt ià mort.

407 855 915 76 Comment? ie voy. Ta forcɇ elle à ſaiſie.

414 920 967 88 Ie parlɇ aumoins. Ce n'eſt que phreneſie.

420 987 1001 86 Viuray ie donc touſiours? non: lon termine

410 1050 881 89 Ailleurs ta fin. Et ou? Plus n’examine.

410 1113 1082 99 Car tu viuras ſans Cœur, ſans Corps, ſans Ame,

414 1181 849 88 En ceſte mont plus, que vie, benigne.

414 1246 883 94 Puis que tel eſt le vouloir de ta Dame.

803 1300 300 124 LXXII.

414 1450 902 88 Quiconque à veu la ſuperbe Machine,

414 1519 755 74 Miracle ſeul de ſa ſeulle beaulté,

416 1584 795 72 Veit le Modellɇ a ma triſte ruyne

412 1645 813 86 Ià tempeſté par ſi grand' cruaulté,

416 1723 879 73 Que pieçɇ entierɇ (hors miſe loyaulté)

416 1782 843 80 Ne me reſta, non ce peu deſperance,

414 1841 879 88 Qui me froiſſant & foy, & aſſeurance,

414 1908 727 88 Me feit reliquɇ a ma perdition.

475 1975 954 86 Donc pour aymer encor telle ſouffrance,

407 2036 776 111 Ie me deſayme en ma condition.

719 90 416 107 DELIE.

1345 2099 133 82 lxxiij
