1599 2518
497 121 338 76 LXXIII.

128 199 1061 111 Fuyantx les Montz, tant ſoit peu, noſtre veue,

119 279 886 90 Leur vert ſe changɇ en couleur aſurée,

128 342 1049 94 Qui plus loingtainɇ eſt de nous blanche veue

125 409 833 88 Par proſpectiuɇ au diſtant meſurée.

180 478 707 82 L’affection en moy demeſurée

132 537 868 82 Te ſemble a veoir vne taincte verdeur,

128 604 965 90 Qui, loing de toy, eſteinct en moy l’ardeur,

123 665 961 88 Dont près ie ſuis iuſqu’a la mort paſsible.

195 730 999 98 Mais tu ſçais mieulx, qui peulx par ta gran¬

121 793 827 107 Faciliter, meſmement l’impoſsible.

1051 820 143 80 (deur

514 885 377 94 LXXIIII.

123 992 794 99 Dans ſon iardin Venus ſe repoſoit

121 1065 810 86 Auec Amour, ſa tendre nourriture,

121 1131 802 79 Lequel ie vy, lors qu’il ſe deduiſoit,

121 1193 856 86 Et l’apperceu ſemblablɇ a ma figure.

174 1256 757 84 Car il eſtoit de tresbaſſe ſtature,

123 1317 848 97 Moy treſpetit: luy paſle, moy tranſy.

123 1384 959 84 Puis que pareilz nous ſommes donc ainſi,

123 1445 945 99 Pourquoy ne ſuis ſecond Dieu d’amytié?

180 1512 894 97 Las ie n’ay pas l’arc, ne les traictz auſsi,

119 1580 915 107 Pour eſmouuoir ma Maiſtreſſe à pitié.

512 1674 287 92 LXXV.

121 1777 961 103 Pour me deſpendrɇ en ſi heureux ſeruice,

121 1842 1024 98 Ie m'eſpargnay l’eſtre ſemblable aux Dieux.

123 1915 863 82 Me pourra donc eſtrɇ imputé a vice,

125 1972 905 96 Conſtituant en elle mes haultz Cieulx?

184 2041 913 109 Fais ſeulement, Dame, que de tes yeux

1135 104 48 99 37

904 2113 285 100 c 3 Me
