<?xml version="1.0" encoding="UTF-8"?>
<alto xmlns:xsi="http://www.w3.org/2001/XMLSchema-instance"
      xmlns="http://www.loc.gov/standards/alto/ns-v4#"
      xsi:schemaLocation="http://www.loc.gov/standards/alto/ns-v4# http://www.loc.gov/standards/alto/v4/alto-4-2.xsd">
  <Description>
    <MeasurementUnit>pixel</MeasurementUnit>
    <sourceImageInformation>
      <fileName>42.jpg</fileName>
      
    </sourceImageInformation>
  </Description>
  
  <Tags>
    <OtherTag ID="BT2399" LABEL="MarginTextZone" DESCRIPTION="block type MarginTextZone"/><OtherTag ID="BT2398" LABEL="MainZone" DESCRIPTION="block type MainZone"/><OtherTag ID="BT2397" LABEL="GraphicZone" DESCRIPTION="block type GraphicZone"/><OtherTag ID="BT2396" LABEL="DropCapitalZone" DESCRIPTION="block type DropCapitalZone"/><OtherTag ID="BT2404" LABEL="TitlePageZone" DESCRIPTION="block type TitlePageZone"/><OtherTag ID="BT2403" LABEL="StampZone" DESCRIPTION="block type StampZone"/><OtherTag ID="BT2402" LABEL="RunningTitleZone" DESCRIPTION="block type RunningTitleZone"/><OtherTag ID="BT2401" LABEL="QuireMarksZone" DESCRIPTION="block type QuireMarksZone"/><OtherTag ID="BT2400" LABEL="NumberingZone" DESCRIPTION="block type NumberingZone"/>
    <OtherTag ID="LT1269" LABEL="DropCapitalLine" DESCRIPTION="line type DropCapitalLine"/><OtherTag ID="LT844" LABEL="HeadingLine" DESCRIPTION="line type HeadingLine"/><OtherTag ID="LT843" LABEL="DefaultLine" DESCRIPTION="line type DefaultLine"/>
  </Tags>
  
  <Layout>
    <Page WIDTH="1596"
          HEIGHT="2520"
          PHYSICAL_IMG_NR="41"
          ID="eSc_dummypage_">
      <PrintSpace HPOS="0"
                  VPOS="0"
                  WIDTH="1596"
                  HEIGHT="2520">
        
        <TextBlock HPOS="369"
                   VPOS="152"
                   WIDTH="65"
                   HEIGHT="59"
                   ID="eSc_textblock_11b0bea5"
                   TAGREFS="BT2400">
          <Shape><Polygon POINTS="369 152 369 211 434 211 434 152"/></Shape>
          
          
          <TextLine ID="eSc_line_d589b240"
                    TAGREFS="LT843"
                    BASELINE="380 199 425 198" 
                    HPOS="378"
                    VPOS="157"
                    WIDTH="46"
                    HEIGHT="63">
            <Shape><Polygon POINTS="378 197 378 157 424 163 424 197 424 212 378 220"/></Shape>
	    <String CONTENT="38"
                    HPOS="378"
                    VPOS="157"
                    WIDTH="46"
                    HEIGHT="63"></String>
          </TextLine>

          
        </TextBlock>
        
        <TextBlock HPOS="631"
                   VPOS="140"
                   WIDTH="411"
                   HEIGHT="68"
                   ID="eSc_textblock_69c79798"
                   TAGREFS="BT2402">
          <Shape><Polygon POINTS="637 140 631 208 1042 208 1042 140"/></Shape>
          
          
          <TextLine ID="eSc_line_2ab5374a"
                    TAGREFS="LT844"
                    BASELINE="641 197 1031 186" 
                    HPOS="636"
                    VPOS="96"
                    WIDTH="397"
                    HEIGHT="130">
            <Shape><Polygon POINTS="640 195 636 109 693 115 716 109 732 102 735 102 737 102 739 102 760 109 783 115 789 109 789 107 791 107 791 105 793 105 795 105 798 105 825 109 848 111 852 109 863 98 865 98 867 98 869 98 871 98 873 98 884 107 945 96 947 96 1024 109 1029 184 1033 195 1012 207 1010 207 1008 207 1005 207 865 203 810 203 804 207 783 226 781 226 779 226 777 226 638 216"/></Shape>
	    <String CONTENT="DELIE."
                    HPOS="636"
                    VPOS="96"
                    WIDTH="397"
                    HEIGHT="130"></String>
          </TextLine>

          
        </TextBlock>
        
        <TextBlock HPOS="352"
                   VPOS="241"
                   WIDTH="1114"
                   HEIGHT="1889"
                   ID="eSc_textblock_43ec90d3"
                   TAGREFS="BT2398">
          <Shape><Polygon POINTS="352 241 358 2130 1438 2124 1466 241"/></Shape>
          
          
          <TextLine ID="eSc_line_4d12a565"
                    TAGREFS="LT843"
                    BASELINE="371 302 1386 289" 
                    HPOS="361"
                    VPOS="233"
                    WIDTH="1025"
                    HEIGHT="88">
            <Shape><Polygon POINTS="369 300 361 254 373 241 373 239 375 239 378 239 380 239 445 247 541 237 543 237 686 249 693 249 703 237 705 237 705 235 707 235 709 235 711 235 829 247 831 247 833 247 890 233 892 233 894 233 896 233 945 245 1071 245 1081 235 1081 233 1083 233 1085 233 1087 233 1381 243 1386 287 1383 312 1123 315 1121 315 1050 302 1033 315 1033 317 1031 317 1029 317 1026 317 1001 317 707 306 369 321"/></Shape>
	    <String CONTENT="Me ſoient touſiours toutes nuiſances lentes."
                    HPOS="361"
                    VPOS="233"
                    WIDTH="1025"
                    HEIGHT="88"></String>
          </TextLine>

          
          
          <TextLine ID="eSc_line_0d979148"
                    TAGREFS="LT843"
                    BASELINE="369 365 1451 354" 
                    HPOS="365"
                    VPOS="289"
                    WIDTH="1088"
                    HEIGHT="105">
            <Shape><Polygon POINTS="369 365 365 306 577 312 602 304 630 296 632 296 632 296 634 296 743 296 743 296 743 296 745 296 745 296 745 296 747 296 747 296 758 304 766 310 806 304 875 294 875 294 877 294 877 294 968 304 1010 308 1026 304 1064 291 1066 291 1066 291 1066 291 1068 291 1068 291 1148 304 1169 306 1173 304 1190 294 1192 294 1192 294 1194 294 1194 294 1194 294 1197 294 1197 294 1253 304 1260 304 1262 304 1283 289 1285 289 1285 289 1285 289 1287 289 1287 289 1289 289 1289 289 1446 304 1451 354 1453 367 1402 382 1400 382 1400 382 1398 382 1398 382 1398 382 1341 369 1331 367 1318 369 1232 390 1232 390 1232 390 1232 392 1140 392 1138 390 1138 390 1136 390 1071 371 1045 365 1026 371 993 386 993 386 991 386 991 386 989 386 989 386 989 386 987 386 987 386 984 386 963 373 953 367 909 373 861 380 861 380 858 380 858 380 814 373 774 369 758 375 707 394 707 394 705 394 705 394 705 394 703 394 703 394 701 394 701 394 701 394 663 375 648 369 623 375 581 388 579 388 579 388 577 388 367 378"/></Shape>
	    <String CONTENT="Lors vous, Nuiſantz, Dieux des vmbres ſilẽtes,"
                    HPOS="365"
                    VPOS="289"
                    WIDTH="1088"
                    HEIGHT="105"></String>
          </TextLine>

          
          
          <TextLine ID="eSc_line_a8a8735c"
                    TAGREFS="LT843"
                    BASELINE="375 428 1165 415" 
                    HPOS="373"
                    VPOS="357"
                    WIDTH="792"
                    HEIGHT="96">
            <Shape><Polygon POINTS="375 428 373 367 567 375 619 367 655 361 655 361 657 361 657 361 707 367 758 373 768 367 779 359 779 359 781 359 781 359 783 359 783 359 785 359 871 359 871 359 871 359 873 359 873 359 875 359 890 367 896 371 905 367 932 357 932 357 934 357 934 357 936 357 936 357 936 357 938 357 974 367 982 369 999 367 1092 357 1092 357 1094 357 1094 357 1161 369 1165 415 1161 443 978 432 913 445 900 447 900 447 900 447 898 447 898 447 896 447 896 447 896 447 894 447 894 447 892 445 877 434 825 434 783 445 770 449 768 449 768 449 766 449 766 449 766 449 749 447 703 436 583 447 506 453 504 453 504 453 504 453 501 453 501 453 501 453 499 453 493 447 480 441 375 447"/></Shape>
	    <String CONTENT="(Me preſeruant elle d’aduerſité)"
                    HPOS="373"
                    VPOS="357"
                    WIDTH="792"
                    HEIGHT="96"></String>
          </TextLine>

          
          
          <TextLine ID="eSc_line_86965836"
                    TAGREFS="LT843"
                    BASELINE="375 489 1176 483" 
                    HPOS="373"
                    VPOS="422"
                    WIDTH="803"
                    HEIGHT="79">
            <Shape><Polygon POINTS="375 489 373 432 791 436 816 434 886 424 886 424 888 424 888 424 888 424 890 424 890 424 892 424 892 424 905 434 921 422 924 422 924 422 924 422 926 422 926 422 926 422 928 422 928 422 930 422 930 422 963 434 966 434 970 434 1033 424 1033 424 1035 424 1035 424 1035 424 1037 424 1066 434 1081 422 1081 422 1083 422 1083 422 1085 422 1085 422 1085 422 1087 422 1087 422 1171 436 1176 483 1171 501 373 499"/></Shape>
	    <String CONTENT="Ne m&#39;oſterez par forces violentes"
                    HPOS="373"
                    VPOS="422"
                    WIDTH="803"
                    HEIGHT="79"></String>
          </TextLine>

          
          
          <TextLine ID="eSc_line_a6e0fdf8"
                    TAGREFS="LT843"
                    BASELINE="375 556 1033 548" 
                    HPOS="373"
                    VPOS="485"
                    WIDTH="660"
                    HEIGHT="103">
            <Shape><Polygon POINTS="375 556 373 497 522 506 556 497 590 489 592 489 592 489 594 489 594 489 596 489 596 489 621 497 638 504 661 497 711 487 711 487 711 487 714 487 714 487 716 487 716 487 716 487 718 487 718 487 732 499 737 504 827 504 837 499 892 485 894 485 894 485 896 485 896 485 896 485 898 485 898 485 898 485 900 485 900 485 917 499 947 487 947 487 949 487 949 487 949 487 951 487 951 487 1029 501 1033 548 1026 581 957 564 886 579 865 583 865 583 863 583 863 583 814 579 722 569 709 577 705 581 705 581 703 581 703 581 703 581 701 581 701 581 699 581 699 581 697 581 697 581 697 581 695 581 688 577 682 573 667 577 632 585 630 585 630 585 627 585 627 585 627 585 625 585 625 585 625 585 606 575 592 569 546 569 516 575 449 588 449 588 449 588 447 588 447 588 445 588 445 588 445 588 443 588 443 588 443 585 428 573 426 571 375 571"/></Shape>
	    <String CONTENT="Non vn Iota de ma felicité."
                    HPOS="373"
                    VPOS="485"
                    WIDTH="660"
                    HEIGHT="103"></String>
          </TextLine>

          
          
          <TextLine ID="eSc_line_4bd2aa79"
                    TAGREFS="LT844"
                    BASELINE="663 655 1012 655" 
                    HPOS="661"
                    VPOS="554"
                    WIDTH="353"
                    HEIGHT="145">
            <Shape><Polygon POINTS="663 655 663 562 741 567 753 562 783 554 785 554 787 554 789 554 791 554 806 564 812 569 890 569 900 567 974 554 976 554 978 554 1014 569 1012 655 1010 682 957 676 942 682 917 693 915 693 785 699 783 699 781 699 779 699 758 680 661 674"/></Shape>
	    <String CONTENT="LXXVI."
                    HPOS="661"
                    VPOS="554"
                    WIDTH="353"
                    HEIGHT="145"></String>
          </TextLine>

          
          
          <TextLine ID="eSc_line_c53a1055"
                    TAGREFS="LT843"
                    BASELINE="375 762 1131 753" 
                    HPOS="365"
                    VPOS="676"
                    WIDTH="766"
                    HEIGHT="98">
            <Shape><Polygon POINTS="375 762 365 705 392 684 392 684 394 684 394 684 394 684 396 684 396 684 399 684 399 684 522 699 556 703 573 697 588 693 588 693 590 693 590 693 590 693 592 693 632 695 716 701 747 690 774 680 774 680 777 680 777 680 779 680 779 680 779 680 781 680 806 688 823 693 844 686 863 680 865 680 865 680 865 680 867 680 921 682 1003 688 1125 676 1131 753 1129 772 997 762 938 772 921 774 921 774 919 774 373 768"/></Shape>
	    <String CONTENT="Ie le vouluz, &amp; ne l&#39;oſay vouloir,"
                    HPOS="365"
                    VPOS="676"
                    WIDTH="766"
                    HEIGHT="98"></String>
          </TextLine>

          
          
          <TextLine ID="eSc_line_88fbf182"
                    TAGREFS="LT843"
                    BASELINE="382 825 1373 816" 
                    HPOS="380"
                    VPOS="751"
                    WIDTH="993"
                    HEIGHT="84">
            <Shape><Polygon POINTS="382 825 380 764 1266 764 1268 762 1276 753 1276 751 1276 751 1278 751 1278 751 1278 751 1281 751 1281 751 1283 751 1283 751 1369 762 1373 816 1373 825 382 835"/></Shape>
	    <String CONTENT="Pour non la fin a mon doulx mal preſcrire."
                    HPOS="380"
                    VPOS="751"
                    WIDTH="993"
                    HEIGHT="84"></String>
          </TextLine>

          
          
          <TextLine ID="eSc_line_f90e4be3"
                    TAGREFS="LT843"
                    BASELINE="382 890 1211 882" 
                    HPOS="375"
                    VPOS="816"
                    WIDTH="836"
                    HEIGHT="82">
            <Shape><Polygon POINTS="382 890 375 833 415 823 417 823 417 823 420 823 420 823 420 823 422 823 422 823 422 823 424 823 424 823 424 825 432 833 438 840 491 840 501 833 512 825 514 825 514 825 514 825 516 825 516 825 518 825 518 825 518 825 520 825 520 825 537 833 550 837 585 833 661 821 661 821 663 821 663 821 663 821 665 821 707 833 720 835 724 833 739 821 739 821 741 821 741 821 743 821 743 821 743 821 814 819 816 819 816 819 819 819 819 819 819 819 846 833 848 833 852 833 900 819 903 819 903 819 903 819 905 819 905 819 987 833 997 833 999 833 1022 816 1024 816 1024 816 1024 816 1026 816 1026 816 1026 816 1029 816 1207 833 1211 882 1209 896 382 898"/></Shape>
	    <String CONTENT="Et qui me feit, &amp; fait encor douloir,"
                    HPOS="375"
                    VPOS="816"
                    WIDTH="836"
                    HEIGHT="82"></String>
          </TextLine>

          
          
          <TextLine ID="eSc_line_cb03bc95"
                    TAGREFS="LT843"
                    BASELINE="378 951 1337 942" 
                    HPOS="375"
                    VPOS="884"
                    WIDTH="962"
                    HEIGHT="86">
            <Shape><Polygon POINTS="378 951 375 900 609 900 611 898 621 888 621 888 623 888 623 888 623 888 625 888 625 888 625 888 627 888 768 898 789 898 798 898 852 886 852 886 852 886 854 886 1035 896 1045 896 1052 896 1140 884 1140 884 1142 884 1333 896 1337 942 1337 953 1220 968 1220 968 1218 968 1115 957 1115 957 1115 957 1071 970 1068 970 1068 970 1066 970 375 963"/></Shape>
	    <String CONTENT="I&#39;ouuris la bouchɇ, &amp; ſur le poinct du dire"
                    HPOS="375"
                    VPOS="884"
                    WIDTH="962"
                    HEIGHT="86"></String>
          </TextLine>

          
          
          <TextLine ID="eSc_line_2d0b10b2"
                    TAGREFS="LT843"
                    BASELINE="382 1018 1201 1005" 
                    HPOS="371"
                    VPOS="947"
                    WIDTH="830"
                    HEIGHT="90">
            <Shape><Polygon POINTS="382 1018 371 976 384 959 386 959 386 957 386 957 388 957 388 957 388 957 390 957 390 957 392 957 453 957 453 957 453 957 455 957 455 957 455 957 457 957 474 970 537 955 537 955 537 955 539 955 539 955 539 955 541 955 579 968 655 953 655 953 655 953 657 953 657 953 728 963 743 953 745 953 745 953 745 953 747 953 747 953 749 953 749 953 749 953 751 953 787 963 804 951 806 951 806 951 806 951 808 951 808 951 808 951 810 951 810 951 812 951 812 951 812 951 837 963 886 963 959 963 959 961 974 949 974 949 974 949 976 949 976 949 978 949 978 949 978 949 980 949 980 949 980 949 982 949 982 949 1010 961 1014 963 1056 963 1058 959 1066 949 1068 949 1068 947 1068 947 1071 947 1071 947 1073 947 1073 947 1073 947 1075 947 1075 947 1077 947 1077 947 1077 947 1102 959 1104 959 1194 957 1201 1005 1199 1018 921 1031 919 1031 615 1024 537 1024 531 1026 514 1037 512 1037 512 1037 510 1037 510 1037 510 1037 508 1037 380 1026"/></Shape>
	    <String CONTENT="Mer, vn ſerain de ſon nayf ſoubrire"
                    HPOS="371"
                    VPOS="947"
                    WIDTH="830"
                    HEIGHT="90"></String>
          </TextLine>

          
          
          <TextLine ID="eSc_line_08600d9b"
                    TAGREFS="LT843"
                    BASELINE="384 1083 1197 1073" 
                    HPOS="380"
                    VPOS="1018"
                    WIDTH="817"
                    HEIGHT="88">
            <Shape><Polygon POINTS="384 1083 380 1024 1190 1018 1197 1073 1197 1102 1094 1104 1092 1104 1092 1104 1092 1104 1089 1104 1089 1104 1083 1102 1047 1085 1022 1100 1016 1106 1014 1106 1014 1106 1014 1106 1012 1106 1012 1106 1012 1106 1010 1106 1010 1106 970 1100 928 1094 875 1100 804 1106 804 1106 802 1106 802 1106 802 1106 762 1098 739 1092 732 1098 724 1104 724 1106 724 1106 722 1106 722 1106 722 1106 720 1106 720 1106 718 1106 718 1106 718 1106 716 1106 716 1106 716 1106 697 1096 690 1094 682 1096 655 1106 653 1106 653 1106 653 1106 651 1106 651 1106 651 1106 648 1106 648 1106 646 1106 630 1096 621 1092 384 1092"/></Shape>
	    <String CONTENT="M’entreclouit le pourſuyure du cy."
                    HPOS="380"
                    VPOS="1018"
                    WIDTH="817"
                    HEIGHT="88"></String>
          </TextLine>

          
          
          <TextLine ID="eSc_line_09b74409"
                    TAGREFS="LT843"
                    BASELINE="451 1144 1163 1136" 
                    HPOS="447"
                    VPOS="1077"
                    WIDTH="716"
                    HEIGHT="94">
            <Shape><Polygon POINTS="451 1144 447 1092 495 1083 495 1083 497 1083 497 1083 497 1083 539 1092 569 1096 592 1092 634 1081 634 1081 634 1081 636 1081 636 1081 638 1081 638 1081 638 1081 640 1081 640 1081 651 1092 657 1094 680 1092 749 1081 749 1081 751 1081 942 1092 978 1092 984 1092 1029 1077 1031 1077 1031 1077 1031 1077 1033 1077 1033 1077 1035 1077 1035 1077 1035 1077 1062 1092 1159 1092 1163 1136 1159 1161 1029 1150 934 1165 924 1165 924 1165 921 1165 921 1165 911 1165 804 1152 674 1152 634 1167 630 1169 627 1169 627 1169 627 1169 625 1169 625 1169 625 1169 623 1169 623 1169 621 1169 621 1167 602 1159 592 1167 592 1169 592 1169 592 1169 590 1169 590 1169 590 1169 588 1169 588 1169 588 1171 520 1171 518 1169 518 1169 516 1169 516 1169 516 1169 516 1169 514 1169 514 1169 514 1167 501 1157 453 1169"/></Shape>
	    <String CONTENT="Dont du deſir le curieux ſoucy"
                    HPOS="447"
                    VPOS="1077"
                    WIDTH="716"
                    HEIGHT="94"></String>
          </TextLine>

          
          
          <TextLine ID="eSc_line_98a73f61"
                    TAGREFS="LT843"
                    BASELINE="384 1209 1430 1201" 
                    HPOS="382"
                    VPOS="1125"
                    WIDTH="1048"
                    HEIGHT="114">
            <Shape><Polygon POINTS="384 1209 382 1134 554 1159 600 1140 600 1140 602 1140 602 1140 602 1140 604 1140 604 1140 606 1140 606 1140 606 1140 644 1159 686 1142 686 1142 688 1142 688 1142 690 1142 690 1142 690 1142 693 1142 693 1142 726 1157 745 1142 745 1142 747 1142 747 1142 749 1142 749 1142 749 1142 751 1142 751 1142 753 1142 753 1142 753 1142 756 1142 756 1142 774 1159 844 1159 877 1140 877 1140 877 1140 879 1140 879 1140 879 1140 882 1140 882 1140 989 1155 1020 1136 1022 1136 1022 1136 1024 1136 1024 1136 1024 1136 1026 1136 1026 1136 1026 1136 1029 1136 1087 1155 1150 1142 1150 1142 1150 1142 1152 1142 1152 1142 1152 1142 1201 1152 1232 1125 1232 1125 1232 1125 1234 1125 1234 1125 1234 1125 1236 1125 1236 1125 1239 1125 1425 1125 1430 1201 1430 1232 1297 1234 1295 1234 1295 1234 1293 1234 1293 1234 1287 1232 1249 1218 1178 1218 1150 1230 1140 1236 1140 1236 1140 1236 1138 1236 1138 1236 1138 1239 1039 1239 1037 1236 1037 1236 1035 1236 1035 1236 1035 1236 1020 1230 997 1220 932 1230 894 1234 894 1234 892 1234 892 1234 892 1234 890 1234 871 1228 850 1222 829 1228 808 1236 808 1236 806 1236 806 1236 804 1236 804 1236 804 1236 762 1228 730 1222 669 1228 592 1234 592 1234 590 1234 590 1234 588 1234 588 1234 588 1234 585 1234 573 1226 569 1224 560 1226 537 1234 535 1234 535 1234 535 1234 533 1234 533 1234 531 1234 531 1234 531 1234 514 1226 508 1224 384 1224"/></Shape>
	    <String CONTENT="De mon hault bien l’Ame ialouſe enflamme,"
                    HPOS="382"
                    VPOS="1125"
                    WIDTH="1048"
                    HEIGHT="114"></String>
          </TextLine>

          
          
          <TextLine ID="eSc_line_b2302815"
                    TAGREFS="LT843"
                    BASELINE="386 1272 1304 1268" 
                    HPOS="378"
                    VPOS="1209"
                    WIDTH="926"
                    HEIGHT="86">
            <Shape><Polygon POINTS="386 1272 378 1226 396 1211 396 1211 399 1211 399 1211 399 1211 401 1211 401 1211 403 1211 583 1211 583 1211 583 1211 585 1211 585 1211 585 1211 588 1211 602 1222 644 1211 646 1211 646 1211 648 1211 648 1211 720 1222 989 1209 991 1209 991 1209 1056 1220 1064 1220 1297 1218 1304 1268 1299 1291 1113 1281 1058 1289 1035 1293 1035 1293 1033 1293 1033 1293 1033 1293 1031 1293 1018 1289 991 1281 949 1289 924 1293 924 1293 924 1293 921 1293 921 1293 919 1293 919 1293 919 1293 917 1293 917 1293 917 1291 913 1289 905 1281 861 1281 812 1287 758 1295 758 1295 756 1295 756 1295 686 1287 655 1283 646 1287 625 1295 625 1295 623 1295 623 1295 623 1295 621 1295 621 1295 619 1295 619 1295 619 1295 617 1295 617 1295 617 1293 609 1285 604 1283 596 1285 560 1295 558 1295 558 1295 556 1295 556 1295 556 1295 554 1295 554 1295 554 1295 552 1295 552 1295 541 1285 537 1283 491 1283 480 1285 441 1295 438 1295 438 1295 436 1295 436 1295 436 1295 384 1283"/></Shape>
	    <String CONTENT="Qui toſt me fait mourir, &amp; viurɇ auſsi,"
                    HPOS="378"
                    VPOS="1209"
                    WIDTH="926"
                    HEIGHT="86"></String>
          </TextLine>

          
          
          <TextLine ID="eSc_line_26949525"
                    TAGREFS="LT843"
                    BASELINE="384 1337 1325 1329" 
                    HPOS="382"
                    VPOS="1270"
                    WIDTH="943"
                    HEIGHT="107">
            <Shape><Polygon POINTS="384 1337 382 1278 546 1291 592 1278 613 1274 615 1274 615 1274 617 1274 617 1274 617 1274 619 1274 619 1274 621 1274 630 1281 638 1285 676 1281 722 1274 722 1274 724 1274 724 1274 724 1274 726 1274 726 1274 728 1274 728 1274 737 1281 747 1289 764 1281 781 1274 781 1274 783 1274 783 1274 783 1274 785 1274 785 1274 787 1274 787 1274 787 1274 789 1274 789 1274 798 1281 808 1289 848 1281 900 1272 900 1272 900 1272 903 1272 903 1272 905 1272 905 1272 934 1283 949 1289 1064 1289 1085 1285 1157 1270 1157 1270 1159 1270 1159 1270 1159 1270 1161 1270 1161 1270 1161 1270 1163 1270 1163 1272 1178 1285 1180 1287 1320 1287 1325 1329 1323 1367 1085 1360 1029 1365 963 1371 963 1371 961 1371 961 1371 917 1365 865 1356 802 1362 766 1367 766 1367 764 1367 764 1367 730 1362 697 1358 690 1362 682 1369 680 1369 680 1369 680 1369 678 1369 678 1369 678 1369 676 1369 676 1369 625 1362 615 1360 613 1360 592 1375 590 1375 590 1375 590 1375 588 1375 588 1375 588 1377 516 1377 514 1375 514 1375 512 1375 512 1375 512 1375 485 1360 483 1360 384 1360"/></Shape>
	    <String CONTENT="Comme ſ’eſtainct, &amp; ſ’auiue ma flamme."
                    HPOS="382"
                    VPOS="1270"
                    WIDTH="943"
                    HEIGHT="107"></String>
          </TextLine>

          
          
          <TextLine ID="eSc_line_45302007"
                    TAGREFS="LT844"
                    BASELINE="693 1438 1071 1438" 
                    HPOS="688"
                    VPOS="1354"
                    WIDTH="383"
                    HEIGHT="97">
            <Shape><Polygon POINTS="693 1438 688 1369 720 1354 722 1354 724 1354 768 1354 770 1354 772 1354 772 1356 785 1369 905 1369 934 1354 936 1354 938 1354 1071 1369 1071 1438 1071 1449 693 1451"/></Shape>
	    <String CONTENT="LXXVII."
                    HPOS="688"
                    VPOS="1354"
                    WIDTH="383"
                    HEIGHT="97"></String>
          </TextLine>

          
          
          <TextLine ID="eSc_line_eac1e77f"
                    TAGREFS="LT843"
                    BASELINE="386 1547 1157 1537" 
                    HPOS="378"
                    VPOS="1470"
                    WIDTH="779"
                    HEIGHT="90">
            <Shape><Polygon POINTS="386 1547 378 1493 409 1478 409 1478 411 1478 411 1478 411 1478 413 1478 413 1478 415 1478 459 1491 462 1491 466 1491 573 1476 573 1476 575 1476 575 1476 575 1476 627 1486 634 1488 638 1486 667 1476 667 1476 669 1476 669 1476 672 1476 672 1476 672 1476 674 1476 674 1476 674 1476 676 1476 676 1476 676 1478 686 1486 688 1488 695 1486 726 1476 728 1476 728 1476 728 1476 730 1476 730 1476 730 1476 732 1476 760 1484 766 1486 886 1486 892 1482 903 1474 905 1474 905 1474 905 1474 907 1474 907 1474 907 1474 909 1474 909 1474 911 1474 940 1482 953 1484 966 1480 995 1470 995 1470 997 1470 997 1470 999 1470 999 1470 999 1470 1043 1480 1062 1482 1150 1478 1157 1537 1155 1560 386 1560"/></Shape>
	    <String CONTENT="Au Caucaſus de mon ſouffrir lyé"
                    HPOS="378"
                    VPOS="1470"
                    WIDTH="779"
                    HEIGHT="90"></String>
          </TextLine>

          
          
          <TextLine ID="eSc_line_eaf6a920"
                    TAGREFS="LT843"
                    BASELINE="388 1610 1260 1602" 
                    HPOS="386"
                    VPOS="1541"
                    WIDTH="874"
                    HEIGHT="80">
            <Shape><Polygon POINTS="388 1610 386 1549 466 1558 487 1549 497 1545 497 1545 499 1545 499 1545 501 1545 501 1545 501 1545 504 1545 516 1549 546 1558 577 1549 600 1543 602 1543 602 1543 604 1543 718 1543 718 1543 718 1543 720 1543 720 1543 739 1549 753 1556 766 1549 783 1543 783 1543 785 1543 785 1543 785 1543 787 1543 787 1543 787 1543 789 1543 789 1543 806 1551 819 1556 875 1551 959 1543 959 1543 961 1543 961 1543 1018 1551 1037 1554 1176 1554 1176 1551 1192 1541 1194 1541 1194 1541 1194 1541 1197 1541 1197 1541 1199 1541 1199 1541 1199 1541 1255 1554 1260 1602 1257 1621 386 1619"/></Shape>
	    <String CONTENT="Dedans l&#39;Enfer de ma peinɇ eternelle,"
                    HPOS="386"
                    VPOS="1541"
                    WIDTH="874"
                    HEIGHT="80"></String>
          </TextLine>

          
          
          <TextLine ID="eSc_line_af9edf26"
                    TAGREFS="LT843"
                    BASELINE="388 1673 1190 1667" 
                    HPOS="380"
                    VPOS="1604"
                    WIDTH="810"
                    HEIGHT="86">
            <Shape><Polygon POINTS="388 1673 380 1627 409 1608 411 1608 411 1608 411 1608 413 1608 413 1608 415 1608 415 1608 415 1608 417 1608 417 1608 453 1625 560 1625 581 1608 581 1608 583 1608 583 1608 585 1608 585 1608 585 1608 588 1608 588 1608 590 1608 621 1617 648 1606 648 1606 651 1606 651 1606 651 1606 653 1606 905 1621 919 1606 919 1606 919 1604 919 1604 921 1604 921 1604 924 1604 924 1604 924 1604 926 1604 926 1604 928 1604 928 1604 970 1619 1102 1604 1102 1604 1104 1604 1104 1604 1186 1621 1190 1667 1186 1690 386 1686"/></Shape>
	    <String CONTENT="Ce grand deſir de mon bien oblyé,"
                    HPOS="380"
                    VPOS="1604"
                    WIDTH="810"
                    HEIGHT="86"></String>
          </TextLine>

          
          
          <TextLine ID="eSc_line_18cebd58"
                    TAGREFS="LT843"
                    BASELINE="388 1736 1394 1728" 
                    HPOS="386"
                    VPOS="1671"
                    WIDTH="1008"
                    HEIGHT="78">
            <Shape><Polygon POINTS="388 1736 386 1680 1125 1684 1129 1682 1140 1671 1140 1671 1140 1671 1142 1671 1142 1671 1144 1671 1144 1671 1144 1671 1146 1671 1146 1671 1146 1671 1148 1671 1180 1682 1182 1682 1188 1682 1350 1671 1352 1671 1352 1671 1352 1671 1354 1671 1392 1684 1394 1728 1390 1749 386 1747"/></Shape>
	    <String CONTENT="Comme l’Aultour de ma mort immortelle,"
                    HPOS="386"
                    VPOS="1671"
                    WIDTH="1008"
                    HEIGHT="78"></String>
          </TextLine>

          
          
          <TextLine ID="eSc_line_73c32b9b"
                    TAGREFS="LT843"
                    BASELINE="390 1801 1182 1797" 
                    HPOS="380"
                    VPOS="1736"
                    WIDTH="804"
                    HEIGHT="86">
            <Shape><Polygon POINTS="390 1801 380 1753 388 1740 388 1740 390 1740 390 1738 390 1738 392 1738 392 1738 392 1738 394 1738 394 1738 394 1738 396 1738 396 1738 399 1738 449 1753 527 1753 550 1738 552 1738 552 1738 554 1738 554 1738 556 1738 646 1738 646 1738 646 1738 648 1738 648 1738 648 1738 651 1738 651 1738 651 1740 663 1751 863 1740 865 1740 865 1740 865 1740 867 1740 892 1749 909 1736 911 1736 911 1736 911 1736 913 1736 913 1736 913 1736 915 1736 915 1736 917 1736 972 1749 1138 1736 1140 1736 1140 1736 1140 1736 1142 1736 1142 1736 1180 1751 1182 1797 1184 1806 1167 1818 1167 1818 1165 1818 1165 1818 1165 1818 1163 1818 1163 1818 1161 1818 930 1810 814 1808 793 1814 774 1820 772 1820 772 1820 772 1822 493 1822 491 1820 491 1820 489 1820 489 1820 489 1820 462 1810 390 1822"/></Shape>
	    <String CONTENT="Ronge l’eſprit par vne fureur telle,"
                    HPOS="380"
                    VPOS="1736"
                    WIDTH="804"
                    HEIGHT="86"></String>
          </TextLine>

          
          
          <TextLine ID="eSc_line_7cf029ad"
                    TAGREFS="LT843"
                    BASELINE="392 1864 1390 1858" 
                    HPOS="384"
                    VPOS="1806"
                    WIDTH="1006"
                    HEIGHT="92">
            <Shape><Polygon POINTS="392 1864 384 1818 401 1806 401 1806 403 1806 403 1806 403 1806 405 1806 405 1806 407 1806 1386 1810 1390 1858 1388 1879 1339 1879 1339 1879 1320 1894 1320 1894 1318 1894 1318 1894 1318 1894 1316 1894 1316 1894 1316 1896 1211 1896 1209 1894 1209 1894 1207 1894 1207 1894 1207 1894 1205 1894 1192 1885 1184 1892 1184 1894 1184 1894 1182 1894 1182 1894 1182 1894 1180 1894 1180 1894 1180 1896 1087 1896 1085 1894 1085 1894 1083 1894 1083 1894 1083 1894 1058 1879 1056 1879 1052 1879 1012 1894 1010 1894 1010 1894 1010 1894 1008 1894 873 1881 865 1881 861 1881 806 1896 804 1896 804 1896 802 1896 802 1896 672 1885 657 1898 657 1898 655 1898 655 1898 655 1898 653 1898 653 1898 653 1898 651 1898 651 1898 648 1898 592 1883 590 1883 497 1883 495 1883 476 1898 476 1898 474 1898 474 1898 472 1898 472 1898 472 1898 470 1898 470 1898 390 1883"/></Shape>
	    <String CONTENT="Que conſommé d’vn ſi ardent pourſuyure,"
                    HPOS="384"
                    VPOS="1806"
                    WIDTH="1006"
                    HEIGHT="92"></String>
          </TextLine>

          
          
          <TextLine ID="eSc_line_90121994"
                    TAGREFS="LT843"
                    BASELINE="390 1929 1369 1921" 
                    HPOS="388"
                    VPOS="1869"
                    WIDTH="981"
                    HEIGHT="81">
            <Shape><Polygon POINTS="390 1929 388 1875 489 1885 550 1875 567 1873 567 1873 569 1873 569 1873 594 1875 644 1881 653 1875 659 1871 661 1871 661 1871 661 1871 663 1871 663 1871 663 1871 665 1871 665 1871 699 1875 743 1883 852 1877 926 1873 928 1873 928 1873 968 1877 999 1881 1005 1877 1018 1869 1020 1869 1020 1869 1020 1869 1022 1869 1022 1869 1024 1869 1024 1869 1024 1869 1068 1879 1085 1881 1115 1879 1188 1871 1188 1871 1190 1871 1365 1881 1369 1921 1367 1944 390 1950"/></Shape>
	    <String CONTENT="Eſpoir le fait, non pour mon bien reuiure:"
                    HPOS="388"
                    VPOS="1869"
                    WIDTH="981"
                    HEIGHT="81"></String>
          </TextLine>

          
          
          <TextLine ID="eSc_line_10e7c2a5"
                    TAGREFS="LT843"
                    BASELINE="392 1995 1392 1984" 
                    HPOS="390"
                    VPOS="1940"
                    WIDTH="1002"
                    HEIGHT="86">
            <Shape><Polygon POINTS="392 1995 390 1940 1388 1942 1392 1984 1392 2009 1354 2022 1352 2022 1352 2022 1352 2022 1100 2024 1098 2024 1098 2024 1096 2024 1096 2024 1064 2011 1058 2009 1056 2011 1045 2022 1045 2024 1045 2024 1043 2024 1043 2024 1043 2024 1041 2024 1041 2024 1041 2024 984 2026 982 2026 390 2016"/></Shape>
	    <String CONTENT="Mais pour au mal renaiſtrɇ inceſſamment,"
                    HPOS="390"
                    VPOS="1940"
                    WIDTH="1002"
                    HEIGHT="86"></String>
          </TextLine>

          
          
          <TextLine ID="eSc_line_c4dac5a7"
                    TAGREFS="LT843"
                    BASELINE="390 2060 1404 2047" 
                    HPOS="388"
                    VPOS="1992"
                    WIDTH="1016"
                    HEIGHT="99">
            <Shape><Polygon POINTS="390 2060 388 2009 1037 2009 1060 1997 1062 1995 1064 1995 1064 1995 1066 1995 1066 1995 1066 1995 1068 1995 1068 1995 1071 1995 1071 1995 1077 1997 1106 2009 1230 2009 1398 1992 1404 2047 1404 2085 1247 2085 1245 2083 1245 2083 1243 2083 1243 2083 1243 2083 1243 2083 1241 2083 1241 2083 1226 2072 1045 2083 882 2091 879 2091 388 2079"/></Shape>
	    <String CONTENT="Affin qu’en moy ce mien malheureux viure"
                    HPOS="388"
                    VPOS="1992"
                    WIDTH="1016"
                    HEIGHT="99"></String>
          </TextLine>

          
          
          <TextLine ID="eSc_line_7731d6db"
                    TAGREFS="LT843"
                    BASELINE="394 2121 1117 2124 1132 2125 1193 2116 1314 2112" 
                    HPOS="390"
                    VPOS="2068"
                    WIDTH="922"
                    HEIGHT="113">
            <Shape><Polygon POINTS="392 2121 392 2068 1310 2074 1312 2110 1308 2179 1226 2169 1180 2177 1157 2179 1157 2179 1155 2179 1155 2179 1155 2179 1152 2179 1152 2179 1152 2179 1150 2179 1146 2175 1115 2154 1020 2154 991 2169 991 2169 991 2169 989 2169 989 2169 989 2169 987 2169 987 2169 903 2154 837 2165 802 2171 802 2171 800 2171 800 2171 800 2171 798 2171 798 2171 781 2163 753 2152 732 2163 693 2179 693 2179 690 2179 690 2179 690 2181 632 2181 630 2179 630 2179 627 2179 627 2179 627 2179 585 2156 575 2152 558 2156 518 2167 516 2167 516 2167 514 2167 514 2167 514 2167 512 2167 512 2167 512 2167 510 2167 493 2154 487 2152 390 2152"/></Shape>
	    <String CONTENT="Prometheus tourmentɇ innocemment."
                    HPOS="390"
                    VPOS="2068"
                    WIDTH="922"
                    HEIGHT="113"></String>
          </TextLine>

          
        </TextBlock>
        
        <TextBlock HPOS="1273"
                   VPOS="2135"
                   WIDTH="188"
                   HEIGHT="64"
                   ID="eSc_textblock_d8025965"
                   TAGREFS="BT2401">
          <Shape><Polygon POINTS="1273 2135 1273 2199 1461 2199 1461 2135 1375 2135"/></Shape>
          
          
          <TextLine ID="eSc_line_7beff113"
                    TAGREFS="LT843"
                    BASELINE="1278 2177 1446 2177" 
                    HPOS="1276"
                    VPOS="2085"
                    WIDTH="170"
                    HEIGHT="141">
            <Shape><Polygon POINTS="1278 2177 1276 2108 1358 2102 1373 2087 1373 2085 1373 2085 1375 2085 1375 2085 1375 2085 1377 2085 1377 2085 1377 2085 1379 2085 1379 2085 1446 2097 1446 2177 1444 2226 1276 2209"/></Shape>
	    <String CONTENT="lxxxviij"
                    HPOS="1276"
                    VPOS="2085"
                    WIDTH="170"
                    HEIGHT="141"></String>
          </TextLine>

          
        </TextBlock>
        

        
      </PrintSpace>
    </Page>
  </Layout>
</alto>
