1599 2518
1154 107 56 111 39

488 935 424 86 LXXVIII.

153 1023 822 91 Ie me complais en ſi doulce bataille,

159 1093 1007 79 Qui ſans reſouldrɇ, en ſuſpend m'entretient.

159 1156 913 88 Si l'vn me point d’vn coſté, l’autre taille

165 1229 871 82 Tout rez a rez de ce, qui me ſouſtient.

226 1284 877 82 L'vn de ſa part treſobſtiné mantient,

163 1355 959 90 Que l’eſpoir n’eſt, ſinon vn vain vmbrage:

165 1431 779 67 Et l’aultre dit deſir eſtrɇ vne rage,

172 1479 925 88 Qui nous conduit ſoubz aueuglé nuict.

243 1544 883 84 Mais de ſi grand, & perilleux naufrage

167 1611 838 84 Ma fermeté retient ce, qui me nuict.

535 1684 314 126 LXXIX.

167 1796 915 102 L'Aulbɇ eſtaignoit Eſtoilles a foiſon,

182 1878 774 77 Tirant le iour des regions infimes,

178 1949 854 71 Quand Apollo montrant ſur l'Oriſon

174 2003 1030 89 Des montz cornuz doroit les haultes cymes.

178 2073 969 105 Lors du profond des tenebreux Abyſmes,

994 2152 275 84 c 4 Ou
