1586 2524
387 107 65 75 40

725 75 404 99 DELIE.

384 191 928 95 Ou mon penſer par ſes faſcheux ennuyz

382 262 999 82 Me fait ſouuent perçer les longues nuictz,

382 332 724 67 Ie reuoquay a moy l’ame rauie:

387 391 1020 92 Qui, deſſechant mes larmoyantz conduictz,

382 456 844 76 Me feit cler veoir le Soleil de ma vie.

767 546 282 91 LXXX.

376 658 745 76 Au receuoir l'aigu de tes eſclairs

382 721 915 82 tu m’offuſcas & ſens, & congnoiſſance.

376 784 940 93 Car par leurs rays ſi ſoubdains, & ſi clairs,

374 853 898 87 I'eu premier peur, & puis reſiouiſſance:

376 917 970 92 Peur de tumber ſoubz griefuɇ obeiſſance:

372 980 810 90 Ioye de veoir ſi hault bien allumer.

435 1043 816 86 Oſas tu donc de toy tant preſumer,

372 1106 904 88 Oeil esblouy, de non veoir, & de croire,

374 1182 890 77 Qu'en me voulant a ellɇ accouſtumer,

372 1238 841 91 Facilement i'obtiendrois la victoire?

771 1354 329 90 LXXXI.

370 1440 812 84 Ne t'esbahis Dame, ſi celle fouldre

368 1505 837 85 Ne me fuſa ſoubdainement le corps.

429 1573 982 94 Car elle m'euſt bien toſt reduit en pouldre,

363 1640 823 88 Si ce ne fuſt, qu'en me taſtant alors,

361 1699 825 99 Ellɇ apperçeut ma viɇ eſtre dehors,

359 1766 966 87 Heureuſɇ en toy: D'ailleurs, elle n'offenſe

361 1827 894 99 Que le dedans, ſans en fairɇ apparence,

361 1897 806 94 Ce que de toy ellɇ à, certes, appris.

424 1968 808 91 Car ie ſçay bien, & par experience,

366 2019 1072 113 Que ſans m’ouurir tu m’as ce mien cœur pris:

1262 2103 168 109 lxxxij
