1599 2518
1143 98 69 107 41

512 75 386 92 LXXXII.

132 182 814 103 L'ardent deſir du hault bien deſiré,

136 264 739 82 Qui aſpiroit a celle fin heureuſe,

128 329 730 80 A de l’ardeur ſi grand feu attiré,

136 386 992 96 Que le corps vif eſt ià pouſſierɇ Vmbreuſe:

136 459 892 84 Et de ma viɇ en ce poinct malheureuſe

136 520 1009 86 Pour vouloir toutɇ a ſon bien condeſcendre,

134 585 875 78 Et de mon eſtrɇ ainſi reduit en cendre

134 658 877 80 Ne m’eſt reſté que ces deux ſignes cy:

197 711 923 82 L'oeil larmoyant pour piteuſe te rendre,

130 776 912 96 La bouchɇ ouuertɇ a demander mercy.

520 875 407 88 LXXXIII.

136 984 871 90 Vulcan ialoux reprochoit a ſa femme,

132 1057 847 80 Que ſon enfant cauſoit ſon vitupere.

136 1116 934 94 Venus cuydant couurir ſi grand diffame,

130 1183 982 90 Battoit ſon filz pour complairɇ à ſon pere.

195 1250 942 92 Mais lors Amour plorant luy impropere

132 1313 967 71 Maint cas, dont fut le Forgeron honteux:

125 1376 955 84 Et de vengeancɇ eſtant trop couuoiteux,

130 1437 912 82 Pourquoy, diſt il, m'as tu bandé la face?

128 1498 849 90 Sinon affin qu'en deſpit du Boyteux

128 1565 896 111 Auclunesfois, non voyant, te frapaſſe?

509 1666 460 79 LXXXIIII.

130 1770 742 87 Ou le contrairɇ eſt certes verité,

132 1840 931 82 Ou le rapport de pluſieurs eſt menſonge,

134 1905 845 86 Qui m’à le moins, que i’ay peu, irité,

130 1968 929 84 Sachant que tout ſe reſouldroit en ſonge:

128 2029 929 107 Bien que la doubte aucunesfois ſe plonge

914 2110 286 86 c 5 Sur
