1586 2524
401 136 57 59 42

683 103 364 117 DELIE.

393 210 873 86 Sur le ſcrupulɇ, ou ta bonté demeure

427 277 1039 93 Vray eſt, qu’alors, tout ſoubdain, & ſur l'heure

387 347 776 82 Ie ris en moy ces fictions friuoles,

389 403 917 91 Comme celuy, que plainement ſ'aſſeure

399 477 854 105 Tout en ta foy, threſor de tes parolles.

757 565 351 105 LXXXV.

395 670 915 97 Non ſur toy ſeulɇ Enuie à faict ce ſonge,

393 742 1049 97 Mais en maintz lieux, & plus hault mille fois.

389 811 824 97 Et ſi en toy ellɇ eſt veue menſonge,

395 883 791 76 Pour verité ſe trœuue toutesfois.

460 942 827 78 Et pour ſpectaclɇ, ô Albion, tu vois

397 1011 951 84 Malicɇ honneur auiourdhuy contrefaire,

395 1072 860 86 Pour a ta Damɇ vn tel oultrage faire,

393 1135 902 89 Qu'ellɇ à plus cher a hontɇ, & villainie

393 1198 848 89 De ſa Coronnɇ, & de ſoy ſe deffaire,

401 1264 880 90 Que veoir Amour ceder a Calumnie.

746 1344 396 128 LXXXVI.

397 1472 881 82 Sur le matin, commencement du iour,

401 1552 867 78 Qui flourit tout en penitencɇ auſtere,

410 1609 765 75 Ie vy Amour en ſon triſte ſeiour

403 1674 1021 75 Couurir le feu, qui iuſquɇ au cœur m’altere.

403 1737 842 78 Deſcouure, dy ie, ô malin, ce Cotere,

405 1800 930 93 Qui moins offencɇ, ou plus il eſt preueu.

464 1863 781 82 Ainſi, dit il, ie tirɇ au deſpourueu,

399 1928 1020 89 Et celément plus droit mes traictz i'aſſeure.

399 1996 936 88 Ainſi qui cuydɇ eſtre le mieulx pourueu

401 2063 808 103 Se fait tout butte a ma visée ſeure.

1285 2120 185 107 lxxxvij
