1599 2518
1166 98 59 111 43

400 898 435 123 LXXXVII.

146 1003 1008 100 Ce doux grief mal tant longuement ſouffert

142 1074 892 82 En ma pensée & au leu le plus rendre,

148 1137 878 90 De mon bon gré au trauail m'a offert,

151 1200 1051 84 Sans contrɇ Amour aulcunement contendre:

153 1265 908 86 Et me vouldrois a plus ſouffrir eſtendre,

153 1340 917 86 Si lon pouoit plus grand peine prouuer.

232 1407 924 76 Mais encor mieulx me feroit eſprouuer,

155 1466 860 86 Si par mourir ſa foy m’eſtoit gaignée,

161 1540 865 69 Tant ſeulement pour me faire trouuer

153 1603 885 84 Doulce la peinɇ au mal accompaignée

434 1672 487 138 LXXXVIII.

153 1794 772 92 Non cy me tien ma dure deſtinée

153 1863 719 82 Enſepuely en ſoltairɇ horreur:

155 1928 732 86 Mais y languit ma vie confinée

155 1989 799 84 Par la durté de ton ingratɇ erreur:

148 2060 789 120 Et ne te ſont ne craincte, ne terreur

1030 2125 197 86 Fouldre
