<?xml version="1.0" encoding="UTF-8"?>
<alto xmlns:xsi="http://www.w3.org/2001/XMLSchema-instance"
      xmlns="http://www.loc.gov/standards/alto/ns-v4#"
      xsi:schemaLocation="http://www.loc.gov/standards/alto/ns-v4# http://www.loc.gov/standards/alto/v4/alto-4-2.xsd">
  <Description>
    <MeasurementUnit>pixel</MeasurementUnit>
    <sourceImageInformation>
      <fileName>49.jpg</fileName>
      
    </sourceImageInformation>
  </Description>
  
  <Tags>
    <OtherTag ID="BT2399" LABEL="MarginTextZone" DESCRIPTION="block type MarginTextZone"/><OtherTag ID="BT2398" LABEL="MainZone" DESCRIPTION="block type MainZone"/><OtherTag ID="BT2397" LABEL="GraphicZone" DESCRIPTION="block type GraphicZone"/><OtherTag ID="BT2396" LABEL="DropCapitalZone" DESCRIPTION="block type DropCapitalZone"/><OtherTag ID="BT2404" LABEL="TitlePageZone" DESCRIPTION="block type TitlePageZone"/><OtherTag ID="BT2403" LABEL="StampZone" DESCRIPTION="block type StampZone"/><OtherTag ID="BT2402" LABEL="RunningTitleZone" DESCRIPTION="block type RunningTitleZone"/><OtherTag ID="BT2401" LABEL="QuireMarksZone" DESCRIPTION="block type QuireMarksZone"/><OtherTag ID="BT2400" LABEL="NumberingZone" DESCRIPTION="block type NumberingZone"/>
    <OtherTag ID="LT844" LABEL="HeadingLine" DESCRIPTION="line type HeadingLine"/><OtherTag ID="LT843" LABEL="DefaultLine" DESCRIPTION="line type DefaultLine"/>
  </Tags>
  
  <Layout>
    <Page WIDTH="1599"
          HEIGHT="2518"
          PHYSICAL_IMG_NR="48"
          ID="eSc_dummypage_">
      <PrintSpace HPOS="0"
                  VPOS="0"
                  WIDTH="1599"
                  HEIGHT="2518">
        
        <TextBlock HPOS="1154"
                   VPOS="118"
                   WIDTH="71"
                   HEIGHT="55"
                   ID="eSc_textblock_214989dc"
                   TAGREFS="BT2400">
          <Shape><Polygon POINTS="1154 118 1154 173 1225 173 1225 118"/></Shape>
          
          
          <TextLine ID="eSc_line_6fedc179"
                    TAGREFS="LT843"
                    BASELINE="1162 163 1212 163" 
                    HPOS="1162"
                    VPOS="118"
                    WIDTH="58"
                    HEIGHT="63">
            <Shape><Polygon POINTS="1162 163 1164 119 1220 118 1218 161 1218 176 1165 181"/></Shape>
	    <String CONTENT="45"
                    HPOS="1162"
                    VPOS="118"
                    WIDTH="58"
                    HEIGHT="63"></String>
          </TextLine>

          
        </TextBlock>
        
        <TextBlock HPOS="132"
                   VPOS="98"
                   WIDTH="1128"
                   HEIGHT="2023"
                   ID="eSc_textblock_dddb7d8d"
                   TAGREFS="BT2398">
          <Shape><Polygon POINTS="132 98 150 2121 545 2119 1137 2102 1242 1625 1260 1429 1179 381 967 98"/></Shape>
          
          
          <TextLine ID="eSc_line_3648f0f5"
                    TAGREFS="LT844"
                    BASELINE="551 161 632 158" 
                    HPOS="547"
                    VPOS="98"
                    WIDTH="84"
                    HEIGHT="84">
            <Shape><Polygon POINTS="549 159 547 98 629 106 631 157 631 174 549 182"/></Shape>
	    <String CONTENT="C."
                    HPOS="547"
                    VPOS="98"
                    WIDTH="84"
                    HEIGHT="84"></String>
          </TextLine>

          
          
          <TextLine ID="eSc_line_3cd62e2e"
                    TAGREFS="LT843"
                    BASELINE="161 262 967 262" 
                    HPOS="159"
                    VPOS="186"
                    WIDTH="808"
                    HEIGHT="97">
            <Shape><Polygon POINTS="161 262 161 186 205 186 205 186 205 186 207 186 207 186 207 186 207 186 209 186 209 186 209 188 224 201 388 190 394 190 396 190 396 190 396 190 398 190 398 190 423 199 436 190 442 186 444 186 444 186 444 186 446 186 446 186 446 186 449 186 449 186 484 193 535 201 562 193 581 188 583 188 583 188 583 188 585 188 585 188 587 188 587 188 587 188 589 188 589 188 595 195 606 203 692 203 717 197 776 186 776 186 776 186 778 186 967 203 967 262 965 283 159 272"/></Shape>
	    <String CONTENT="Oſté du col de la doulce plaiſance,"
                    HPOS="159"
                    VPOS="186"
                    WIDTH="808"
                    HEIGHT="97"></String>
          </TextLine>

          
          
          <TextLine ID="eSc_line_3ee9510c"
                    TAGREFS="LT843"
                    BASELINE="161 327 891 323" 
                    HPOS="159"
                    VPOS="262"
                    WIDTH="732"
                    HEIGHT="84">
            <Shape><Polygon POINTS="161 327 159 266 484 274 495 270 507 264 507 264 507 264 509 264 509 264 509 264 705 262 707 262 707 262 709 262 709 262 709 262 711 262 726 272 728 274 784 274 847 274 862 262 862 262 864 262 864 262 864 262 866 262 866 262 868 262 868 262 868 262 870 262 870 262 870 262 872 262 891 274 891 323 889 342 161 346"/></Shape>
	    <String CONTENT="Fu mis es bras d’amere cruauté,"
                    HPOS="159"
                    VPOS="262"
                    WIDTH="732"
                    HEIGHT="84"></String>
          </TextLine>

          
          
          <TextLine ID="eSc_line_cb7db2ff"
                    TAGREFS="LT843"
                    BASELINE="165 390 1145 381" 
                    HPOS="161"
                    VPOS="325"
                    WIDTH="986"
                    HEIGHT="90">
            <Shape><Polygon POINTS="165 390 163 331 404 339 442 329 453 327 455 327 455 327 457 327 457 327 457 327 459 327 470 329 497 337 509 329 512 327 514 327 514 327 514 327 516 327 516 327 516 327 518 327 518 327 520 327 530 329 560 337 627 329 667 325 667 325 669 325 669 325 669 325 671 325 671 325 673 325 679 329 690 335 713 329 730 325 732 325 732 325 734 325 734 325 734 325 757 329 795 335 1139 329 1145 381 1147 392 1107 409 1107 409 1105 409 1105 409 1105 409 1103 409 1103 409 1101 409 1068 400 889 411 887 411 887 411 887 411 885 411 885 411 885 411 858 398 786 398 770 409 768 409 768 409 768 409 765 409 765 409 763 409 763 409 763 409 761 409 761 409 738 398 711 411 711 411 711 411 709 411 709 411 707 411 707 411 707 411 705 411 705 411 702 411 684 400 514 400 486 400 480 400 207 415 205 415 205 415 205 415 203 415 161 402"/></Shape>
	    <String CONTENT="Quand premier i’eu nouelle congnoiſſance"
                    HPOS="161"
                    VPOS="325"
                    WIDTH="986"
                    HEIGHT="90"></String>
          </TextLine>

          
          
          <TextLine ID="eSc_line_5b96eca8"
                    TAGREFS="LT843"
                    BASELINE="161 455 860 451" 
                    HPOS="161"
                    VPOS="401"
                    WIDTH="699"
                    HEIGHT="64">
            <Shape><Polygon POINTS="161 455 165 408 857 401 860 451 858 465 163 465"/></Shape>
	    <String CONTENT="De celle rarɇ, &amp; diuine beauté,"
                    HPOS="161"
                    VPOS="401"
                    WIDTH="699"
                    HEIGHT="64"></String>
          </TextLine>

          
          
          <TextLine ID="eSc_line_3cd2dad0"
                    TAGREFS="LT843"
                    BASELINE="165 520 883 511" 
                    HPOS="155"
                    VPOS="455"
                    WIDTH="728"
                    HEIGHT="88">
            <Shape><Polygon POINTS="165 520 155 474 165 461 167 461 167 459 167 459 169 459 169 459 169 459 172 459 172 459 172 459 174 459 174 459 176 459 216 470 339 457 339 457 342 457 342 457 344 457 386 467 541 455 543 455 543 455 543 455 587 463 595 465 877 459 883 511 881 530 417 530 400 532 335 543 335 543 333 543 163 532"/></Shape>
	    <String CONTENT="Qui obligea ma ferme loyaulté"
                    HPOS="155"
                    VPOS="455"
                    WIDTH="728"
                    HEIGHT="88"></String>
          </TextLine>

          
          
          <TextLine ID="eSc_line_86b07479"
                    TAGREFS="LT843"
                    BASELINE="161 587 998 579" 
                    HPOS="157"
                    VPOS="520"
                    WIDTH="841"
                    HEIGHT="75">
            <Shape><Polygon POINTS="161 587 157 537 283 526 285 526 285 526 285 526 325 535 335 537 342 535 365 524 365 524 367 524 367 524 367 524 369 524 369 524 369 524 415 535 421 535 434 535 541 524 541 524 543 524 543 524 545 524 545 524 570 535 572 535 572 535 583 524 583 522 583 522 585 522 585 522 585 522 587 522 587 522 589 522 589 522 690 532 692 532 696 532 784 520 784 520 786 520 994 532 998 579 996 593 161 595"/></Shape>
	    <String CONTENT="Au froid loyer de ſi grand ſeruitude."
                    HPOS="157"
                    VPOS="520"
                    WIDTH="841"
                    HEIGHT="75"></String>
          </TextLine>

          
          
          <TextLine ID="eSc_line_ab97e090"
                    TAGREFS="LT843"
                    BASELINE="228 648 1068 642" 
                    HPOS="226"
                    VPOS="591"
                    WIDTH="842"
                    HEIGHT="72">
            <Shape><Polygon POINTS="228 648 226 591 1063 591 1068 642 1063 663 226 660"/></Shape>
	    <String CONTENT="Non que i’accuſɇ en toy nature rude:"
                    HPOS="226"
                    VPOS="591"
                    WIDTH="842"
                    HEIGHT="72"></String>
          </TextLine>

          
          
          <TextLine ID="eSc_line_41a46326"
                    TAGREFS="LT843"
                    BASELINE="165 713 992 705" 
                    HPOS="161"
                    VPOS="648"
                    WIDTH="831"
                    HEIGHT="78">
            <Shape><Polygon POINTS="165 713 161 660 986 648 992 705 992 726 165 726"/></Shape>
	    <String CONTENT="Mais a me plaindrɇ à toy m’a incité"
                    HPOS="161"
                    VPOS="648"
                    WIDTH="831"
                    HEIGHT="78"></String>
          </TextLine>

          
          
          <TextLine ID="eSc_line_2d96bd5c"
                    TAGREFS="LT843"
                    BASELINE="165 778 958 772" 
                    HPOS="163"
                    VPOS="713"
                    WIDTH="795"
                    HEIGHT="75">
            <Shape><Polygon POINTS="165 778 163 721 421 730 436 723 446 715 449 715 449 715 451 715 451 715 451 715 453 715 453 715 505 723 537 728 579 723 690 713 690 713 692 713 692 713 694 713 694 713 694 713 696 713 715 726 717 728 809 728 809 726 841 713 841 713 843 713 843 713 843 713 845 713 845 713 845 713 847 713 847 713 877 726 914 713 917 713 917 713 917 713 919 713 919 713 921 713 921 713 956 728 958 772 956 782 165 788"/></Shape>
	    <String CONTENT="L&#39;auoir perdu en tellɇ ingratitude"
                    HPOS="163"
                    VPOS="713"
                    WIDTH="795"
                    HEIGHT="75"></String>
          </TextLine>

          
          
          <TextLine ID="eSc_line_58708555"
                    TAGREFS="LT843"
                    BASELINE="163 841 896 837" 
                    HPOS="159"
                    VPOS="780"
                    WIDTH="737"
                    HEIGHT="84">
            <Shape><Polygon POINTS="163 841 159 791 199 782 199 782 199 782 201 782 201 782 247 791 279 795 306 791 356 782 356 782 358 782 358 782 358 782 360 782 360 782 360 782 379 791 388 797 522 797 545 791 610 780 610 780 612 780 612 780 612 780 614 780 614 780 614 780 616 780 633 793 635 793 637 793 663 782 663 782 665 782 665 782 665 782 667 782 667 782 736 793 742 793 744 793 763 780 765 780 765 780 768 780 768 780 768 780 770 780 770 780 772 780 822 793 824 793 826 793 868 780 870 780 870 780 870 780 872 780 872 780 875 780 875 780 875 780 877 780 896 793 896 837 896 858 163 864"/></Shape>
	    <String CONTENT="Les meilleurs ans de ma felicité."
                    HPOS="159"
                    VPOS="780"
                    WIDTH="737"
                    HEIGHT="84"></String>
          </TextLine>

          
          
          <TextLine ID="eSc_line_870281b8"
                    TAGREFS="LT844"
                    BASELINE="560 948 665 948" 
                    HPOS="558"
                    VPOS="862"
                    WIDTH="107"
                    HEIGHT="101">
            <Shape><Polygon POINTS="560 948 558 879 663 862 665 948 663 963 558 956"/></Shape>
	    <String CONTENT="CI."
                    HPOS="558"
                    VPOS="862"
                    WIDTH="107"
                    HEIGHT="101"></String>
          </TextLine>

          
          
          <TextLine ID="eSc_line_14f58ded"
                    TAGREFS="LT843"
                    BASELINE="165 1049 1076 1053" 
                    HPOS="161"
                    VPOS="977"
                    WIDTH="915"
                    HEIGHT="91">
            <Shape><Polygon POINTS="165 1049 167 977 207 994 323 994 335 982 335 979 335 979 335 979 337 979 337 979 337 979 339 979 339 979 339 979 342 979 342 979 344 979 344 979 346 979 373 990 404 982 411 979 413 979 413 979 415 979 415 979 442 982 556 992 570 984 577 979 579 979 579 979 581 979 581 979 581 979 583 979 583 979 585 979 585 979 595 984 623 996 681 996 692 986 694 984 694 982 694 982 696 982 696 982 696 982 698 982 698 982 700 982 809 982 809 982 809 982 812 982 812 982 826 988 847 996 973 996 982 990 992 982 994 982 994 982 994 982 996 982 996 982 996 982 998 982 998 982 1074 992 1076 1053 1072 1068 161 1065"/></Shape>
	    <String CONTENT="Sur noſtre chef gettant Phebus ſes rayz,"
                    HPOS="161"
                    VPOS="977"
                    WIDTH="915"
                    HEIGHT="91"></String>
          </TextLine>

          
          
          <TextLine ID="eSc_line_038cf201"
                    TAGREFS="LT843"
                    BASELINE="165 1116 1072 1112" 
                    HPOS="155"
                    VPOS="1051"
                    WIDTH="917"
                    HEIGHT="75">
            <Shape><Polygon POINTS="165 1116 155 1068 163 1055 163 1055 165 1055 165 1053 165 1053 167 1053 167 1053 167 1053 169 1053 169 1053 172 1053 172 1053 172 1053 174 1053 216 1065 258 1053 260 1053 260 1053 262 1053 354 1053 354 1053 354 1053 356 1053 356 1053 356 1053 384 1065 442 1053 442 1053 442 1053 444 1053 444 1053 446 1053 497 1065 566 1053 566 1053 566 1053 568 1053 568 1053 648 1063 686 1051 686 1051 688 1051 688 1051 690 1051 690 1051 690 1051 692 1051 692 1051 694 1051 715 1063 755 1051 757 1051 757 1051 757 1051 759 1051 759 1051 761 1051 805 1063 866 1053 866 1053 866 1053 868 1053 868 1053 870 1053 870 1053 898 1063 910 1053 910 1051 910 1051 912 1051 912 1051 912 1051 914 1051 914 1051 914 1051 917 1051 1068 1065 1072 1112 1070 1126 163 1124"/></Shape>
	    <String CONTENT="Faiſoit bouillir de ſon cler iour la None:"
                    HPOS="155"
                    VPOS="1051"
                    WIDTH="917"
                    HEIGHT="75"></String>
          </TextLine>

          
          
          <TextLine ID="eSc_line_f13205c1"
                    TAGREFS="LT843"
                    BASELINE="163 1179 1066 1179" 
                    HPOS="157"
                    VPOS="1116"
                    WIDTH="909"
                    HEIGHT="75">
            <Shape><Polygon POINTS="163 1179 157 1133 174 1118 174 1118 176 1118 176 1118 176 1118 178 1118 178 1118 178 1118 180 1118 180 1118 182 1118 182 1118 211 1128 230 1116 232 1116 232 1116 232 1116 235 1116 235 1116 237 1116 237 1116 237 1116 239 1116 239 1116 241 1116 241 1116 260 1131 281 1120 281 1120 281 1120 283 1120 283 1120 285 1120 285 1120 375 1131 398 1116 400 1116 400 1116 400 1116 402 1116 402 1116 404 1116 530 1116 530 1116 530 1116 533 1116 533 1116 533 1116 535 1116 535 1116 535 1118 547 1131 549 1131 566 1131 753 1116 755 1116 805 1116 805 1116 805 1116 807 1116 807 1116 807 1116 809 1116 809 1116 809 1118 820 1128 824 1131 837 1128 891 1116 891 1116 891 1116 893 1116 893 1116 893 1116 896 1116 896 1116 896 1116 917 1126 923 1131 935 1126 969 1116 971 1116 971 1116 973 1116 973 1116 1066 1126 1066 1179 1066 1191 163 1191"/></Shape>
	    <String CONTENT="Aduis me fut de veoir en ſon taint frais"
                    HPOS="157"
                    VPOS="1116"
                    WIDTH="909"
                    HEIGHT="75"></String>
          </TextLine>

          
          
          <TextLine ID="eSc_line_10843784"
                    TAGREFS="LT843"
                    BASELINE="163 1242 986 1242" 
                    HPOS="163"
                    VPOS="1181"
                    WIDTH="823"
                    HEIGHT="75">
            <Shape><Polygon POINTS="163 1242 163 1185 637 1191 652 1189 690 1181 690 1181 690 1181 692 1181 692 1181 694 1181 694 1181 694 1181 713 1189 715 1191 717 1189 730 1181 732 1181 732 1181 732 1181 734 1181 734 1181 736 1181 843 1181 843 1181 843 1181 845 1181 845 1181 845 1181 847 1181 847 1181 858 1191 860 1193 986 1193 986 1242 986 1256 163 1256"/></Shape>
	    <String CONTENT="Celle de qui la rencontre m&#39;eſtonne,"
                    HPOS="163"
                    VPOS="1181"
                    WIDTH="823"
                    HEIGHT="75"></String>
          </TextLine>

          
          
          <TextLine ID="eSc_line_f0754c16"
                    TAGREFS="LT843"
                    BASELINE="165 1309 1005 1303" 
                    HPOS="163"
                    VPOS="1242"
                    WIDTH="842"
                    HEIGHT="79">
            <Shape><Polygon POINTS="165 1309 163 1248 243 1261 300 1250 300 1250 300 1250 302 1250 302 1250 304 1250 304 1250 304 1250 325 1261 337 1248 337 1248 337 1246 337 1246 339 1246 339 1246 339 1246 342 1246 342 1246 342 1246 344 1246 344 1246 346 1246 354 1248 402 1261 491 1248 522 1244 522 1244 524 1244 587 1244 587 1244 587 1244 589 1244 589 1244 589 1244 591 1244 598 1248 610 1256 631 1248 637 1246 637 1246 640 1246 640 1246 640 1246 642 1246 642 1246 644 1246 644 1246 650 1248 677 1259 702 1248 719 1242 719 1242 721 1242 721 1242 721 1242 723 1242 723 1242 726 1242 749 1248 778 1256 998 1250 1005 1303 1000 1321 163 1319"/></Shape>
	    <String CONTENT="De qui la voix ſi fort en l’ame tonne:"
                    HPOS="163"
                    VPOS="1242"
                    WIDTH="842"
                    HEIGHT="79"></String>
          </TextLine>

          
          
          <TextLine ID="eSc_line_56ffdfda"
                    TAGREFS="LT843"
                    BASELINE="167 1370 1137 1366" 
                    HPOS="165"
                    VPOS="1309"
                    WIDTH="972"
                    HEIGHT="77">
            <Shape><Polygon POINTS="167 1370 165 1317 358 1321 384 1317 419 1311 419 1311 419 1311 421 1311 421 1311 423 1311 423 1311 423 1311 436 1317 444 1321 459 1317 484 1311 486 1311 486 1311 488 1311 488 1311 488 1311 491 1311 491 1311 491 1311 503 1317 512 1321 524 1317 551 1311 553 1311 553 1311 556 1311 556 1311 612 1319 635 1321 640 1319 648 1311 648 1309 648 1309 650 1309 650 1309 650 1309 652 1309 652 1309 654 1309 654 1309 654 1309 709 1319 717 1319 723 1319 784 1309 784 1309 786 1309 786 1309 789 1309 830 1319 833 1319 835 1319 870 1309 872 1309 872 1309 872 1309 875 1309 875 1309 877 1309 877 1309 877 1309 879 1309 879 1309 891 1319 891 1321 1013 1321 1059 1321 1097 1309 1099 1309 1099 1309 1099 1309 1101 1309 1101 1309 1103 1309 1103 1309 1135 1321 1137 1366 1133 1386 165 1384"/></Shape>
	    <String CONTENT="Que ne puis d’ellɇ vn ſeul doulx mot ouir:"
                    HPOS="165"
                    VPOS="1309"
                    WIDTH="972"
                    HEIGHT="77"></String>
          </TextLine>

          
          
          <TextLine ID="eSc_line_4ceed98a"
                    TAGREFS="LT843"
                    BASELINE="165 1431 1055 1435" 
                    HPOS="163"
                    VPOS="1374"
                    WIDTH="892"
                    HEIGHT="73">
            <Shape><Polygon POINTS="165 1431 165 1378 373 1389 388 1380 402 1374 402 1374 402 1374 404 1374 404 1374 407 1374 407 1374 407 1374 409 1374 409 1374 425 1382 442 1389 465 1382 497 1374 499 1374 499 1374 501 1374 501 1374 501 1374 503 1374 503 1374 503 1374 505 1374 505 1374 505 1376 507 1376 512 1382 516 1386 524 1382 545 1376 547 1376 547 1376 547 1376 549 1376 549 1376 549 1376 589 1384 612 1391 843 1391 847 1389 862 1376 862 1376 864 1376 864 1376 864 1376 866 1376 866 1376 868 1376 868 1376 965 1386 1003 1376 1005 1376 1005 1376 1005 1376 1007 1376 1007 1376 1009 1376 1009 1376 1055 1393 1055 1435 1053 1443 163 1447"/></Shape>
	    <String CONTENT="Et de qui l&#39;oeil vient ma veuɇ esblouir,"
                    HPOS="163"
                    VPOS="1374"
                    WIDTH="892"
                    HEIGHT="73"></String>
          </TextLine>

          
          
          <TextLine ID="eSc_line_31fb9d74"
                    TAGREFS="LT843"
                    BASELINE="174 1498 1231 1491" 
                    HPOS="169"
                    VPOS="1435"
                    WIDTH="1062"
                    HEIGHT="90">
            <Shape><Polygon POINTS="174 1498 172 1439 411 1449 463 1437 470 1437 470 1437 470 1437 472 1437 472 1437 472 1437 474 1437 476 1437 518 1449 556 1437 564 1435 566 1435 566 1435 566 1435 568 1435 600 1437 711 1447 751 1437 753 1437 755 1437 755 1437 757 1437 757 1437 763 1437 835 1447 1225 1437 1231 1491 1229 1519 526 1512 501 1514 432 1525 432 1525 430 1525 251 1514 251 1514 251 1514 218 1525 216 1525 216 1525 216 1525 214 1525 214 1525 211 1525 169 1512"/></Shape>
	    <String CONTENT="Tant qu’aultre n’eſt, fors ellɇ, a mes yeux belle."
                    HPOS="169"
                    VPOS="1435"
                    WIDTH="1062"
                    HEIGHT="90"></String>
          </TextLine>

          
          
          <TextLine ID="eSc_line_c6ec66d6"
                    TAGREFS="LT843"
                    BASELINE="241 1561 1072 1565" 
                    HPOS="239"
                    VPOS="1506"
                    WIDTH="833"
                    HEIGHT="78">
            <Shape><Polygon POINTS="241 1561 239 1508 740 1506 742 1506 742 1506 744 1506 744 1506 744 1506 759 1514 763 1517 765 1514 772 1508 772 1506 772 1506 774 1506 774 1506 774 1506 776 1506 776 1506 778 1506 856 1506 856 1506 856 1506 858 1506 858 1506 858 1506 877 1514 879 1517 887 1517 935 1506 935 1506 935 1506 937 1506 937 1506 940 1506 940 1506 969 1517 971 1517 973 1517 1024 1506 1024 1506 1024 1506 1026 1506 1026 1506 1028 1506 1072 1519 1072 1565 1070 1573 686 1584 684 1584 684 1584 616 1573 610 1573 239 1573"/></Shape>
	    <String CONTENT="Me pourra donc tel Soleil reſiouir,"
                    HPOS="239"
                    VPOS="1506"
                    WIDTH="833"
                    HEIGHT="78"></String>
          </TextLine>

          
          
          <TextLine ID="eSc_line_b2b38e7f"
                    TAGREFS="LT843"
                    BASELINE="174 1622 1219 1626" 
                    HPOS="165"
                    VPOS="1563"
                    WIDTH="1054"
                    HEIGHT="98">
            <Shape><Polygon POINTS="174 1622 176 1563 220 1577 264 1565 266 1565 266 1565 266 1565 268 1565 268 1565 270 1565 270 1565 270 1565 272 1565 291 1577 327 1565 327 1565 329 1565 329 1565 331 1565 331 1565 331 1565 333 1565 333 1565 335 1565 335 1565 335 1565 350 1580 446 1580 461 1565 461 1565 463 1565 463 1565 463 1565 465 1565 465 1565 467 1565 509 1565 509 1565 509 1565 512 1565 512 1565 512 1565 514 1565 514 1565 514 1567 526 1577 564 1565 566 1565 566 1565 566 1565 568 1565 568 1565 671 1577 690 1565 692 1565 692 1565 692 1565 694 1565 694 1565 694 1565 694 1565 696 1565 696 1565 696 1565 698 1565 755 1580 801 1567 803 1567 803 1567 803 1567 805 1567 805 1567 893 1580 1214 1567 1219 1626 1217 1661 1168 1661 1166 1659 1166 1659 1164 1659 1164 1659 1164 1659 1164 1659 1162 1659 1162 1657 1145 1645 927 1655 799 1659 797 1659 797 1659 795 1659 795 1659 795 1659 793 1659 793 1659 793 1657 784 1651 780 1647 770 1651 749 1657 747 1657 747 1657 747 1657 744 1657 744 1657 742 1657 742 1657 742 1657 740 1657 740 1657 740 1655 734 1651 728 1642 665 1642 627 1647 564 1657 564 1657 564 1659 497 1659 495 1657 495 1657 493 1657 493 1657 493 1657 491 1657 472 1645 470 1642 459 1645 398 1655 398 1655 396 1655 396 1655 396 1655 394 1655 394 1655 394 1655 392 1655 392 1655 379 1642 377 1642 333 1642 316 1642 199 1657 199 1657 197 1657 197 1657 197 1657 195 1657 195 1657 195 1657 193 1657 165 1638"/></Shape>
	    <String CONTENT="Quand tout Mydi m’eſt nuict, voirɇ eternelle?"
                    HPOS="165"
                    VPOS="1563"
                    WIDTH="1054"
                    HEIGHT="98"></String>
          </TextLine>

          
          
          <TextLine ID="eSc_line_15f3ab94"
                    TAGREFS="LT844"
                    BASELINE="553 1735 711 1735" 
                    HPOS="551"
                    VPOS="1657"
                    WIDTH="160"
                    HEIGHT="118">
            <Shape><Polygon POINTS="553 1735 553 1657 587 1657 589 1657 591 1657 595 1661 616 1676 709 1676 711 1735 709 1775 551 1752"/></Shape>
	    <String CONTENT="CII."
                    HPOS="551"
                    VPOS="1657"
                    WIDTH="160"
                    HEIGHT="118"></String>
          </TextLine>

          
          
          <TextLine ID="eSc_line_4e3b9f93"
                    TAGREFS="LT843"
                    BASELINE="165 1831 965 1836" 
                    HPOS="161"
                    VPOS="1770"
                    WIDTH="806"
                    HEIGHT="87">
            <Shape><Polygon POINTS="165 1831 163 1779 530 1770 533 1770 533 1770 585 1781 593 1781 608 1781 719 1770 719 1770 721 1770 721 1770 723 1770 765 1781 768 1781 770 1781 828 1770 828 1770 830 1770 830 1770 830 1770 833 1770 833 1770 858 1781 923 1770 923 1770 925 1770 925 1770 925 1770 927 1770 967 1783 965 1836 963 1844 621 1857 619 1857 619 1857 616 1857 579 1846 321 1854 318 1854 161 1840"/></Shape>
	    <String CONTENT="Oeil Aquilin qui tant oſas ſouffrir"
                    HPOS="161"
                    VPOS="1770"
                    WIDTH="806"
                    HEIGHT="87"></String>
          </TextLine>

          
          
          <TextLine ID="eSc_line_4b09ce5c"
                    TAGREFS="LT843"
                    BASELINE="163 1896 1017 1905" 
                    HPOS="157"
                    VPOS="1842"
                    WIDTH="860"
                    HEIGHT="84">
            <Shape><Polygon POINTS="163 1896 163 1842 1015 1850 1017 1905 1011 1926 967 1913 587 1911 562 1915 528 1922 528 1922 528 1922 526 1922 526 1922 524 1922 524 1922 503 1913 495 1911 486 1913 457 1922 455 1922 455 1922 453 1922 205 1919 205 1919 205 1919 203 1919 157 1905"/></Shape>
	    <String CONTENT="Les rayz aiguz de celle clarté ſaincte,"
                    HPOS="157"
                    VPOS="1842"
                    WIDTH="860"
                    HEIGHT="84"></String>
          </TextLine>

          
          
          <TextLine ID="eSc_line_ba1f6a16"
                    TAGREFS="LT843"
                    BASELINE="161 1959 965 1968" 
                    HPOS="157"
                    VPOS="1901"
                    WIDTH="808"
                    HEIGHT="81">
            <Shape><Polygon POINTS="161 1959 157 1915 184 1901 184 1901 184 1901 186 1901 186 1901 186 1901 188 1901 188 1901 190 1901 190 1901 190 1901 193 1901 214 1915 214 1915 218 1915 287 1901 287 1901 287 1901 289 1901 289 1901 289 1901 350 1915 363 1919 528 1919 533 1915 541 1907 541 1905 541 1905 543 1905 543 1905 543 1905 545 1905 545 1905 545 1905 547 1905 547 1905 549 1905 549 1905 549 1905 551 1905 566 1915 574 1919 604 1915 665 1905 665 1905 667 1905 963 1915 965 1968 961 1982 228 1980 228 1980 228 1980 157 1968"/></Shape>
	    <String CONTENT="A qui Amour vaincu ſe vint offrir,"
                    HPOS="157"
                    VPOS="1901"
                    WIDTH="808"
                    HEIGHT="81"></String>
          </TextLine>

          
          
          <TextLine ID="eSc_line_eca93946"
                    TAGREFS="LT843"
                    BASELINE="163 2024 1133 2031" 
                    HPOS="159"
                    VPOS="1961"
                    WIDTH="974"
                    HEIGHT="80">
            <Shape><Polygon POINTS="163 2024 163 1961 218 1974 425 1974 440 1966 444 1961 446 1961 446 1961 449 1961 449 1961 449 1961 451 1961 451 1961 453 1961 467 1966 499 1974 520 1966 526 1964 526 1964 528 1964 528 1964 528 1964 530 1964 530 1964 549 1966 593 1974 637 1968 669 1964 669 1964 671 1964 1131 1976 1133 2031 1128 2041 159 2039"/></Shape>
	    <String CONTENT="Donc de ſes traictz tu la veis toute ceincte,"
                    HPOS="159"
                    VPOS="1961"
                    WIDTH="974"
                    HEIGHT="80"></String>
          </TextLine>

          
          
          <TextLine ID="eSc_line_14352230"
                    TAGREFS="LT843"
                    BASELINE="163 2087 1137 2096" 
                    HPOS="157"
                    VPOS="2029"
                    WIDTH="978"
                    HEIGHT="123">
            <Shape><Polygon POINTS="161 2085 161 2029 400 2039 583 2035 849 2031 851 2031 854 2031 883 2041 889 2043 906 2041 992 2033 994 2033 1045 2043 1072 2033 1074 2033 1076 2033 1078 2033 1135 2047 1135 2094 1133 2119 979 2142 977 2142 975 2142 973 2142 948 2121 900 2121 849 2152 847 2152 845 2152 843 2152 841 2152 799 2142 698 2152 696 2152 694 2152 612 2121 530 2134 516 2148 516 2150 514 2150 512 2150 512 2152 407 2152 404 2150 318 2144 316 2144 249 2113 157 2110"/></Shape>
	    <String CONTENT="N&#39;aperçoys tu, que de tes maulx enceinte,"
                    HPOS="157"
                    VPOS="2029"
                    WIDTH="978"
                    HEIGHT="123"></String>
          </TextLine>

          
        </TextBlock>
        
        <TextBlock HPOS="1111"
                   VPOS="2112"
                   WIDTH="119"
                   HEIGHT="59"
                   ID="eSc_textblock_fd89cfc2"
                   TAGREFS="BT2401">
          <Shape><Polygon POINTS="1116 2112 1111 2169 1146 2171 1230 2169 1230 2112"/></Shape>
          
          
          <TextLine ID="eSc_line_09125a75"
                    TAGREFS="LT843"
                    BASELINE="1105 2159 1219 2154" 
                    HPOS="1099"
                    VPOS="2100"
                    WIDTH="120"
                    HEIGHT="84">
            <Shape><Polygon POINTS="1105 2159 1099 2102 1212 2100 1219 2154 1214 2184 1173 2171 1105 2182"/></Shape>
	    <String CONTENT="Elle"
                    HPOS="1099"
                    VPOS="2100"
                    WIDTH="120"
                    HEIGHT="84"></String>
          </TextLine>

          
        </TextBlock>
        

        
      </PrintSpace>
    </Page>
  </Layout>
</alto>
