1571 2516
373 73 73 96 46

711 89 379 74 DELIE.

377 182 837 94 Elle te fait tant de larmes pleuuoir?

381 314 967 90 Tes pleurs ſi grandz ſi largement deduire,

448 247 995 86 Vueillent les Cieulx par vn bening debuoir,

373 379 916 88 Qu'elle les voyɇ en vn ruiſſeau mouoir,

377 446 919 94 Qui, murmurant, mes peines puiſſe dire.

782 534 214 120 CIII.

375 635 927 92 Si treflas fut d'enuironner le Monde

375 710 921 82 Le Dieu volant, qu'en Mer il f'abyſma:

377 773 1005 92 Mais retournant a chef de temps ſur I'vnde,

371 842 835 74 Sa Trouſſe print, & en fuſte l’arma:

367 905 925 82 De ſes deux traictz diligemment rama,

373 972 935 91 De l’arc fit l’arbre, & ſon bendeau tendit

373 1050 1013 84 Aux ventz pour voille, & en Port deſcendit

381 1100 854 93 Treſioyeux d’eſtrɇ arriué ſeurement.

434 1172 805 90 Ainſi Amour, perdu a nous rendit

377 1230 833 97 Vexation, qui donnɇ entendement.

727 1312 263 94 CIIII.

371 1434 1053 81 Ton hauſt ſommet, ô Mont a Venus ſaincte,

379 1505 906 82 De tant d’eſclairs tant de fois coronné,

367 1566 1015 90 Monſtre ma teſtɇ eſtre de ſanglotz ceincte,

377 1643 963 76 Qui mon plus hault tiennent enuironné.

436 1698 801 75 Et ce Brouas te couurant eſtonné,

375 1757 866 96 De mes ſouſpirs deſcouure la bruyne.

436 1828 824 94 Tes Aqueductz, deplorable ruyne,

375 1891 875 94 Te font priſer par l’iniure du Temps,

369 1956 946 86 Et mes yeulx ſecz de leau, qui me ruyne,

371 2023 973 111 Me font du Peuple, & d'elle paſſe temps.

1396 2092 61 69 cv
