1599 2518
1135 67 65 94 47

560 885 142 101 CV.

142 979 896 95 Te vovant rirɇ auecques ſi grand grace,

130 1042 946 91 Ce doulx ſoubris me donnɇ eſpoir de vie,

125 1110 783 81 Et la doulceur de ceſte tienne face

123 1172 999 87 Me promect mieulx de ce, dont i'ay enuie.

193 1240 914 81 Mais la froideur de ton cœur me conuie

123 1307 831 86 A deſeſpoir, mon deſſeing diſsipant.

125 1372 840 86 Puis ton parler du Miel participant

130 1431 810 83 Me remet ſus le deſir, qui me mort.

188 1498 936 96 Parquoy tu peulx, mon bien anticipant,

125 1565 909 94 En vn moment me donner viɇ, & mort.

528 1640 168 128 CVI.

121 1758 894 105 A contempler ſi merueilleux ſpectacle,

134 1827 738 88 Tu anoblis la miennɇ indignité.

119 1898 804 89 Pour eſtre toy de ce Siecle miracle,

119 1957 800 95 Reſtant merueillɇ a toutɇ eternité,

119 2016 756 120 Ou la Clemencɇ en ſa benignité,

1003 2100 186 101 Reuere
