1581 2522
388 84 72 117 48

693 90 398 107 DELIE.

386 191 801 96 Reuerɇ a ſoy Chaſteté Preſidente

395 262 870 95 Si hault au ciel de l’honneur reſidente,

401 332 908 94 Que tout aigu d’oeil vif n’y peult venir.

447 393 700 94 O vain deſir, ô foliɇ euidente,

386 453 761 110 A qui de faict eſperɇ y paruenir.

788 546 233 90 CVII.

397 659 895 80 Le Dieu Imberbɇ au giron de Thetys

395 722 1076 95 Nous fait des mõtz les grãdz vmbres deſcẽdre:

395 790 1040 92 Moutons cornuz, Vaches, & Veaulx petitz,

401 861 1058 76 En leurs parcz clos ſerrez ſe viennent rendre.

464 924 944 70 Lors tout viuant a ſon repos veult tendre,

391 983 950 86 Ou deſſus moy noueau reſueil ſ'eſpreuue

460 1050 963 95 Car moy conſtraint, & par forcée preuue.

397 1113 933 87 Le ſoir me couchɇ eſueillé hors de moy,

399 1181 858 73 Et le matin veillant auſsi me treuue,

405 1244 841 98 Tout eſploré en mon piteux eſmoy.

790 1303 278 121 CVIII.

397 1443 725 84 Fuſſe le moins de ma calamité

399 1515 919 75 Souffrir, & viurɇ en certaine doubtance:

399 1584 866 76 I'aurois au moins, ſoit en vain, limité

399 1647 923 78 Le bout ſans fin de ma vainɇ eſperance.

460 1704 1009 88 Mais tous les iours gruer ſoubz l’aſſeurance,

399 1773 820 86 Que ceſte fieburɇ aura ſa gueriſon,

401 1843 860 88 Ie dy qu’eſpoir eſt la grand pruriſon,

399 1906 1020 75 Qui nous chatouillɇ a toute choſɇ extreme,

397 1969 845 86 Et qui noz ans vſɇ en doulce priſon,

397 2026 1072 145 Cõmɇ vn Printɇps ſoubz la maigre Careſme.

1379 2101 103 63 cix.
