1599 2518
1147 88 67 121 49

509 81 196 114 CIX.

140 203 768 90 L'oyſiueté des delicates plumes,

134 279 969 79 Lict couſtumier, non point de mon repos,

134 344 921 81 Mais du trauail, ou mon feu tu allumes,

132 417 994 84 Souuentesfois, oultrɇ heurɇ, & ſans propos

138 476 841 84 Entre ſes drapz me detient indiſpos,

142 541 886 80 Tant elle m'à pour ſon foiblɇ ennemy.

201 606 909 88 Là mon eſprit ſon corps laiſſɇ endormy

144 671 861 80 Tout transformé en image de Mort,

136 736 992 88 Pour te monſtrer, que lors hommɇ a demy,

144 803 930 92 Vers toy ſuis viſ, & vers moy ie ſuis mort.

526 889 145 86 CX.

134 992 877 99 Sur le matin, ſongeant profondement,

134 1065 898 89 Ie vy ma Damɇ auec Venus la blonde.

134 1139 818 73 Elles auoient vn meſme veſtement,

132 1196 845 83 Pareille voix, & ſemblable faconde:

134 1259 896 79 Les yeulx riantz en face, & teſte ronde

134 1330 906 88 Auec maintien, qui le tout compaſſoit.

211 1391 884 86 Mais vn regret mon cœur entrelaſſoit,

130 1454 912 90 Apperceuant ma Maiſtreſſe plus belle.

134 1519 734 88 Car Cytaréɇ en pitié ſurpaſſoit

134 1584 885 84 Là, ou Deliɇ eſt touſiours plus rebelle.

556 1672 186 105 CXI.

134 1773 948 105 Bien qu'on me voyɇ oultre modɇ eſiouir,

138 1852 930 95 Ce mien trauail toutesfois peinɇ endure,

138 1915 734 84 I'ay certes ioyɇ a ta parollɇ ouir

136 1985 831 77 A mon ouyɇ aſſes tendrement dure:

136 2055 908 99 Et ie m'y penɇ affin que touſiours dure

723 2113 494 107 d 2 L'intention
