1581 2522
363 107 78 80 50

693 77 389 126 DELIE.

370 189 843 101 L'intention de noſtre long diſcours.

420 269 1028 96 Mais quand au but de mõ vouloir ie cours,

393 334 870 88 Tes voulentez ſont ailleurs declinées,

380 411 967 82 Parquoy touſiours en mon trauaillé cours

388 460 894 117 Tu fuys, Daphnes, ardeurs Apollinées.

769 554 223 97 CXII.

382 662 961 105 Suyuant celuy, qui pour l'honneur ſe iecte,

380 748 875 96 Ou pour le gaing, au peril dangereux,

382 800 732 89 Ie te rendy ma liberté ſubiecte,

382 867 927 85 Pour l’affranchir en viure plus heureux.

437 928 891 93 Apres le ſault ie m’eſtonnay paoureux

382 991 919 87 Du grand Chaos de ſi haultɇ entrepriſe,

382 1059 934 90 Ou plus i'entray, & plus ie trouuay priſe

378 1124 919 78 L'Ame abyſmée au regret, qui la mord.

460 1187 866 82 Car tout le bien de l’heureuſe ſurpriſe

382 1252 881 80 Me fut la peur, la douleur, & la Mort.

737 1332 278 132 CXIII.

382 1452 843 94 L’affection d’vn trop haultain deſir

388 1525 862 76 Me benda l’oeil de la raiſon vaincue:

380 1580 917 101 Ainſi conduict par l’incongneu plaiſir,

380 1651 940 91 Au Regnɇ vmbreux ma vie ſ'eſt rendue.

449 1719 839 80 Lors debendant ceſte facɇ eſperdue,

378 1784 860 90 Ie vy de loing ce beau champ Elisée,

382 1851 871 90 Ou ma ieuneſſɇ en ſon rond Colisée

384 1914 681 90 Satyriſoit contre Solicitude,

382 1979 864 89 Qui liberté, de moy tant fort prisée,

382 2049 919 130 M'auoit changéɇ en ſi grand ſeruitude.

1332 2112 124 84 Ie vy
