1599 2518
1181 107 65 115 51

522 889 296 122 CXIIII.

144 998 886 82 Ie vy aux raiz des yeulx de ma Deeſſe

148 1065 821 82 Vne clarté esblouiſſamment plaine

144 1126 791 88 Des eſperitz d’Amour, & de lieſſe,

148 1200 769 77 Qui me rendit ma fiance certaine

144 1256 892 89 De la trouuer humainement haultaine.

220 1324 843 83 Tant abondoit en faueur & en grace,

148 1384 924 95 Que toute choſɇ, ou qu'elle dyɇ, ou face,

146 1456 924 84 Cent millɇ eſpoirs y ſont encor compris.

209 1517 785 81 Et par ainſi, voyant ſi doulce face,

146 1586 1008 92 Ou moins craingnoys, là plus toſt je fus pris.

564 1668 201 128 CXV.

144 1781 856 90 I'attens ma paix du repos de la nuict,

146 1857 869 81 Nuict refrigerɇ a toutɇ aſpre triſteſſe:

146 1909 932 97 Mais ſ'abſconſant le Soleil, qui me nuyt,

151 1976 799 86 Noyɇ auec ſoy ce peu de ma lieſſe.

218 2035 818 159 Car lors iectant ſes cornes la Deeſſe,

841 2117 134 121 d 2

1128 2108 93 109 Qui
