1571 2518
394 111 59 94 52

682 88 370 111 DELIE.

386 203 886 111 Qui du bas Ciel eſclere la nuict brune,

378 279 1016 94 Renaiſt ſoubdain en moy cellɇ aultre Lune

388 348 954 86 Luiſante au centre, ou l'Ame a ſon ſeiour.

388 415 905 82 Qui, m'excitant a ma peine commune,

388 478 870 120 Me fait la nuict eſtrɇ vn penible iour.

711 591 269 80 CXVI.

390 709 962 84 Fortune forte a mes vœutz tant contraire

386 765 916 101 Oſte moy toſt du mylieu des Humains.

455 837 803 69 Ie ne te puis a mes faueurs attraire:

388 895 933 87 Car ta Damɇ à ma rouɇ entre ſes mains.

457 965 861 69 Et toy, Amour, qui en as tué maintz:

390 1017 886 97 Ellɇ à mon arc pour nuire & ſecourir.

453 1082 966 86 Aumoins toy, Mort, vien acoup me ferir:

401 1145 997 88 Tu es ſans Cœur, ie n'ay puiſſance aulcune.

453 1214 1012 89 Donc (que crains tu?) Dame, fais me mourir,

390 1275 970 99 Et tu vaincras, Amour, Mort, & Fortune.

756 1380 319 105 CXVII.

392 1477 975 94 Seroit ce point fiebure, qui me tourmente,

388 1554 968 91 Brulant dle chault, tremblant auſsi de froit?

386 1617 926 95 C'eſt celle ardeur, que i’ay ſi vehemente,

392 1693 1027 77 Qui tant plus ſent ta froideur, tant plus croit,

392 1758 943 84 Bien que ton froit ſurprimer la vouldroit

399 1819 917 82 Taſchant touſiours à me faire nuiſance.

449 1873 1014 99 Mais, cõme puis auoir d'eulx cõgnoiſſance,

380 1940 1079 95 Ilz ſont (tous deux) ſi fortz en leur pourſuiure,

388 2008 1046 84 Que froit, & chault, pareilz en leur puiſſance,

384 2075 979 130 Me font languir ſans mourir, & ſans viure.

1302 2146 172 90 cxviij.
