1599 2518
1160 107 44 107 53

438 96 334 105 CXVIII.

134 201 965 107 Mars amoureux voulut baiſer ma Dame,

130 274 898 97 Penſant que fuſt Venus ſa bien aymée.

128 337 988 101 Mais contre luy ſoubdain elle ſ’enflamme,

119 402 707 97 Et luy oſta ſon eſpée enfumée.

186 463 915 105 Quand ie la vy en ce poinct eſtrɇ armée.

121 530 791 82 Fais, dy ie lors, de ceſte Cymeterre,

125 593 1039 88 Que ie deſcende auec mes maulx ſoubz terre.

197 656 881 78 Va: ta demande eſt, dit elle, importune.

123 719 917 90 Car i’en veulx faire a tous ſi forte guerre,

123 788 1012 126 Qu'aulcun n'aura ſur moy victoirɇ aulcune.

518 908 252 86 CXIX.

119 1013 967 94 De l’arc d’Amour tu tires, prens, & chaſſes

119 1082 856 86 Les cœurs de tous a t'aymer curieux:

119 1139 980 99 Du Bracquemart de Mars tu les deſchaſſes

128 1208 862 92 Tant, que nul n’eſt ſur toy victorieux.

184 1282 879 90 Mais veulx tu fairɇ acte plus glorieux,

119 1334 802 86 Et digne aſſes d’eternelle memoire?

117 1401 789 88 Pour t’acquerir perpetuelle gloire,

117 1462 867 92 Rendz ſon eſpée a ce Dieu inhumain,

117 1525 802 99 Et a l’Archier ſon arc fulminatoire,

117 1592 877 116 Et tes Amantz fais mourir de ta main.

507 1689 212 88 CXX.

115 1770 930 131 Lors que le Soir Venus au Ciel r'appelle,

115 1867 877 97 Portant repos au labeur des Mortelz,

113 1928 877 101 Ie voy leuer la Lune en ſon plain belle,

115 1991 831 98 Reſſuſcitant mes ſoucys immortelz,

115 2058 917 120 Soucys, qui point ne ſont a la mort telz,

805 2129 122 93 d 3

1066 2079 125 155 Que
