1577 2515
369 144 56 80 54

704 81 340 168 DELIE.

360 215 969 88 Que ceulx, que tient ma pensée profonde.

423 282 875 99 O fuſſes tu, Veſper, en ce bas Monde,

360 354 919 94 Quand celle vient mon Enfer allumer.

360 417 894 83 Lors tu verroys, tout autour a la ronde,

369 477 861 116 De mes ſouſpirs le Montgibel fumer.

778 584 247 88 CXXI.

364 670 846 105 Longue ſilencɇ, ou ie m'auainiſſoys

375 746 1042 115 Hors la memoyrɇ & des Dieux, & des hõmes,

379 815 751 86 Fut le repos, ou ie me nouriſſoys

387 882 946 88 Tout deſchargé des amoureuſes ſommes.

444 947 1015 84 Mais, commɇ aduient, quãd a ſouhait nous

1226 1006 223 81 (ſommes

375 1003 824 84 De noſtre bien la Fortunɇ enuieuſe

394 1070 962 82 Trouble ma paix par troys luſtres ioyeuſe,

385 1135 751 80 Renouellant ce mien ſeu ancien.

390 1194 924 101 Dont du grief mal l’Ame toute playeuſe

390 1259 769 115 Fait reſonne le circuyt Plancien.

782 1376 293 86 CXXII.

390 1483 864 99 En deuiſant vn ſoir me dit ma Dame.

392 1563 916 84 Prens ceſte pommɇ en ſa tendreſſe dure,

390 1620 887 77 Qui eſtaindra ton amoureuſe flamme,

398 1676 868 92 Veu que tel fruict eſt de froide nature:

387 1752 749 79 A donc aura congrue nourriture

385 1789 1034 111 L'ardeur, qui tant d’humeur te fait pleuuoir.

457 1877 948 90 Mais toy, luy dy iɇ, ainſi que ie puis veoir,

400 1938 872 90 Tu es ſi froidɇ, & tellement en ſomme,

394 2005 912 82 Que ſi tu veulx de mon mal curɇ auoir,

406 2056 1061 132 Tu eſtaindras mon feu mieulx, que la pomme.

1298 2127 169 92 cxxiij.
