1599 2518
1181 98 44 109 55

493 908 335 82 CXXIII.

142 984 944 113 O ans, ô moys, ſepmaines, iours, & heures,

146 1061 806 90 O interuallɇ, ô minutɇ, ô moment,

151 1124 896 82 Qui conſumez les durtez, voire ſeures,

151 1185 996 97 Sans que lon puiſſɇ apperceuoir comment,

155 1256 1072 95 Ne ſentez vous, que ce mien doulx tourment

163 1315 898 78 Vous vſɇ en moy, & voz forces deçoit?

232 1378 871 82 Si donc le Cœur au plaiſir, qu’il reçoit,

161 1447 827 72 Se vient luy meſmɇ a martyre liurer:

159 1500 904 86 Croire fauldra, que la Mort doulce ſoit,

165 1567 848 92 Qui l'Ame peult d’angoiſſe deliurer.

493 1684 375 95 CXXIIII.

165 1762 789 103 Par ton regard ſeuerement piteux

176 1838 848 79 Tu mesblouis premierement la veue:

167 1903 827 82 Puis du regard de ſon feu deſpiteux

186 1968 953 91 Surpris le Cœur, & l’Ame a l’impourueue,

176 2033 887 145 Tant que deſpuis, apres mainte reueue,

896 2100 130 113 d 4

1116 2092 126 102 I'ars
