1621 2518
543 88 662 84 LA TENEVR DV

751 169 248 89 Priuilege.

401 270 1010 80 IL eſt permis par Priuilege du Roy, à Antoine Con

348 337 1060 84 ſtantin, marchant Libraire demourant à Lyon, de im¬

348 402 1063 82 primer, ou faire imprimer par telz Imprimeurs des Vil¬

350 465 1061 80 les de Paris. Lyon, & aultres que bon luy ſemblera, ce

354 526 1052 95 preſent Liure traictant d’Amours, intitulé DELIE,

348 595 1065 80 ſoit auec Embleſmes, ou ſans Embleſmes, durant le tẽps

348 658 1065 80 & terme de ſix ans prochainemẽt uenans. Icelluy liure

350 715 1061 82 mettre, & faire mettre & expoſer en uente & deli¬

350 778 1067 88 urer a qui en uouldra. Et eſt prohibé & deffendu,

352 843 1048 82 de par ledict Seigneur à tous Libraires, Imprimeurs, &

352 906 1067 84 aultres perſonnes que ceulx auſquelz ledict Conſtantin

348 969 1073 90 aura donné charge deſdictes impreßion & diſtribution

346 1042 1069 84 ſur certaines & grandes peines audict Seigneur à appli¬

350 1097 1079 94 quer, d’amende arbitraire, & de perdtiõ deſdictz liures

350 1164 1071 90 & de tout ce qu’ilz y mettront, de ne le imprimer ne fai¬

350 1231 1071 86 re mprimer uendre ne diſtribuer, ſoit auec leſdictz Em¬

350 1298 1071 88 bleſmes ou ſans Embleſmes ou aultremẽt en quelque ma¬

352 1366 1071 69 niere que ce ſoit durant ledict temps de ſix ans. Le tout

348 1420 1079 88 ainſi que plus à plain eſt cõtenu & declaire es lettres pa

352 1489 1071 80 tentes dudict Priuilege données à la Fere ſur Oyſe le

350 1552 1073 82 trentieſme iour d’Octobre Lan de grace M. D.

352 1619 1073 80 XLIII. Soubſcriptes par le Roy en ſon conſeil,

348 1682 1073 91 uous preſent: Signées Coefier, & Séellées en ſimple

350 1745 424 101 queue de Cire Iaulne.
