1577 2515
373 79 75 97 46

708 75 355 96 DELIE.

364 176 929 94 I'ars de plus fort ſans nouellɇ a choiſon.

371 314 843 82 D’ambition, qui a tout mal conſent,

444 253 835 82 Ce meſme temps la ſuperbe Toiſon

375 377 822 81 Toutɇ aueuglée eſpandit ſa poiſon

371 442 807 96 Deſſus le iuſtɇ, & Royal innocent.

729 521 254 139 CXXV.

364 641 812 88 Inſatiablɇ eſt l’appetit de l’homme

373 716 658 80 Trop effrené en ſa cupidité,

364 775 976 92 Qui de la Terrɇ ayant en main la pomme,

369 844 788 80 Ne peult ſaouler ſi grand' auidité:

369 913 897 69 Mais (ô l’horreur) pour ſa commodité

366 968 776 88 Viole foy, honneur, & innocence.

427 1033 906 94 Ne pleure plus, France: Car la preſence

362 1098 829 84 Du ſang d’Abel deuant Dieu criera

362 1161 967 92 Si haultement que pour ſi grandɇ offence

362 1219 845 92 L'aiſné Cain deuant toy tremblera.

704 1307 321 101 CXXVI.

360 1435 891 78 Pour m'enlaſſer en mortelles deffaictes

375 1498 809 84 Tu m’afoiblis le fort de ton pouoir:

362 1561 881 86 Soit que couurir eſperances deffaictes

360 1626 908 90 Face vn bien peu d’eſpoir apperceuoir,

354 1693 795 75 Si ne peult on non aſſes couceuoir

360 1756 803 92 A quelle fin ton vouloir ſe diſpoſe.

421 1823 919 92 Parquoy mon bien, qui en ta foy repoſe,

352 1884 954 96 Au long ſouffrir patiemment m’enhorte:

362 1949 797 96 Car auſsi bien ta cruaulté propoſe

356 2014 960 115 De me donner, commɇ a mort, vie morte.

1254 2097 166 80 cxxvij
