1599 2518
1145 86 65 104 57

449 75 363 105 CXXVII.

144 172 814 102 Le hault penſer de mes frailes deſirs

148 255 936 93 Me chatoulloit a plus haultɇ entrepriſe,

144 323 947 86 Me deſrobant moymeſmɇ a mes plaiſirs,

144 394 867 82 Pour deſtourner la memoire ſurpriſe

148 457 892 78 Du bien, auque l’Ame demoura priſe:

146 524 972 86 Dont, omme neige au Soleil, ie mɇ fondz

146 587 976 76 Et mes ſouſpirs dès leurs centres profondz

148 652 920 78 Si haultement eſleuent leurs voix viues,

146 715 1068 92 Que plõgeant l’Amɇ, & la memoire au fondz,

155 782 904 93 Tout ie m’abyſmɇ aux oblieuſes riues.

425 858 405 136 CXXVIII.

144 979 890 89 Petit obiect eſmeult grande puiſſance,

146 1053 997 86 Et peu de flammɇ attrait l’oeil de bien loing.

151 1112 864 90 Que fera donc entiere congnoiſſance,

148 1185 880 78 Dont on ne peult ſe paſſer au beſoing?

207 1240 974 86 Ainſi Honneur plus toſt quicteroit ſoing,

148 1309 968 86 Plus toſt au Temps ſa Clepſidre cherroit,

146 1374 882 78 Plus toſt le Nom ſa trompette lairroit,

151 1437 1036 94 Qu’en moy mouruſt ce bien, donc i’ay enuie.

207 1502 825 90 Car me taiſant de toy on me verroit

151 1567 745 94 Oſter l’eſprit de ma vie a ma vie.

491 1645 312 130 CXXIX.

144 1766 968 91 L'Aigle des Cieulx pour proye deſcendit,

148 1842 922 71 Et ſur ma Dame haſtiuement ſe poulſe:

151 1896 887 86 Mais Amour vint, qui le cas entendit,

148 1966 943 86 Et deſſus luy employe & arc, & Trouſſe.

220 2029 808 100 Lors lupiter indigné ſe courrouce,

963 2096 249 90 d 5 Et
