1597 2515
367 94 61 86 55

740 71 334 115 DELIE.

373 200 1058 80 Et l’Archier fuit aux yeulx de ma Maiſtreſſe,

367 261 818 95 A qui le Dieu crie plain de triſteſſe,

367 326 890 91 Ie veulx, Venus, ton filz, qui à meſpris.

375 387 749 92 Delie ſuis, dit ellɇ, & non Déeſſe:

371 446 894 105 Prendre cuydois, dit il, mais ie fuis pris.

742 540 273 115 CXXX.

388 651 850 97 Tu celle fus, qui m'obligeas premiere

375 718 814 93 En vn ſeul corps a mille Creanciers:

384 788 770 83 Tu celle fus, qui cauſas la lumiere,

371 848 936 82 Dont mes ſouſpirs furent les Encenciers.

440 920 963 81 Mais vous, Souciz, prodigues deſpenciers

373 982 942 99 De paix tranquillɇ, & viɇ accouſtumée,

379 1050 909 81 Meites la flambɇ en mon amɇ allumée,

373 1106 999 101 Par qui le Cœur ſouffre ſi grandz diſcordz,

375 1175 787 86 Qu’apres le feu eſtaincte la fumée

381 1240 792 111 Viura le mal, auoir perdu le Corps.

751 1339 325 98 CXXXI.

379 1452 1067 92 De ces haultz Montz iettant ſur toy ma veue,

384 1523 856 86 Ie voy les Cieulx auec moy larmoier:

381 1582 974 86 Des Bois vmbreux ie ſens a l’impourueue,

377 1651 898 80 Comme les Bledz, ma penséɇ vndoier.

457 1712 737 79 En tel eſpoir me fait ores ploier,

386 1775 835 81 Duquel bien toſt elle ſeule me priue.

384 1838 915 85 Car a tout bruyt croyant que lon arriue,

386 1903 954 94 I’apperçoy cler, que promeſſes me fuyent.

453 1972 850 77 O fol defir, qui veult par raiſon viue,

392 2022 1026 145 Que ſoy habitɇ, ou les Ventz legers bruyent.

1263 2097 195 84 cxxxij.
