1599 2512
507 937 358 82 CXXXII.

167 1002 924 97 Vaincrɇ elle ſçait honmes par ſa valeur,

165 1078 878 96 Et par ſon ſens l’oultrageuſe Fortune:

161 1149 880 83 Et toutesfoys ne peult a mon malheur

167 1218 744 81 Remedier, ſe voyant opportune

163 1268 1010 88 Pour bienheurer trop plus grand' infortune,

171 1337 960 86 Laiſſant mon cas ſuſpendrɇ a nonchaloir.

234 1404 943 80 Mais ſi des Cieulx pour me faire douloir,

167 1469 876 77 A tous benignɇ a moy eſt inhumaine,

169 1530 899 88 De quoy me ſert mon obſtiné vouloir?

171 1595 979 90 Contre le Ciel ne vault defſencɇ humaine.

473 1706 388 87 CXXXIII.

180 1781 811 105 Si Apollo reſtrainct ſes raiz dorez,

186 1860 939 86 Se mariſſant tout honteux ſoubz ſa nue,

184 1930 907 85 C'eſt parles tiens de ce Mondɇ adorez,

186 1999 824 88 Deſquelz l'or pur ſa clarté diminue.

251 2057 872 107 Parquoy ſoubdain, qu’icy tu es venue,

1198 119 57 88 59

1085 2126 178 95 Eſtant
