1590 2521
361 98 59 91 60

679 79 368 112 DELIE.

342 203 888 84 Eſtant fur toy, ſon contrairɇ, enuieux,

347 268 738 91 A congelé ce Brouas pluuieux,

357 334 795 86 Pour contreluſtre à ta diuine face.

351 403 1072 88 Mais ton tainct frais vainct la neige des cieulx,

357 464 822 90 Comme le iour la clere nuict efface.

637 544 437 132 CXXXIIII.

336 663 906 89 Enſeuely long temps ſoubz la froideur

338 741 829 78 Du Marbre dur de ton ingratitude,

338 806 808 78 Le Corps eſt ià en ſa foible roideur

338 863 747 80 Extenué de ſa grand' ſeruitude:

340 928 881 80 Dont ame & cœur par ta nature rude

342 993 915 99 Sont ſans mercy en peinɇ oultrepaſſez.

401 1052 930 107 O auiourd’huy, bienheureux treſpaſſez,

334 1123 902 97 Pour voſtre bien tout deuot intercede:

330 1180 1083 109 Mais pour mes maulx en mon tourment laſſez

330 1254 828 107 Celle cruellɇ vn Purgatoire excede.

683 1344 332 141 CXXXV.

330 1466 851 84 A l'embrunir des heures tenebreuſes,

334 1535 803 82 Que Somnus lent pacifie la Terre.

323 1598 869 84 Enſeuely ſoubz Cortines vmbreuſes,

334 1665 986 91 Songɇ à moy vient, qui mon eſprit deſſerre,

323 1726 764 87 Et tout aupres de celle là le ſerre,

328 1796 906 82 Qu’il reueroit pour ſon royal maintien.

391 1859 885 86 Mais par ſon doulx & priué entretien

328 1922 1087 94 L'attraict tant ſien, que puis ſans crainctɇ aul¬

1257 1983 147 96 (cune

321 1995 789 84 Il m’eſt aduis, certes, que ie la tien,

315 2050 913 113 Mais ainſi, comme Eudimion la Lune.

1160 2119 249 99 cxxxviij.
