1599 2512
1169 102 63 90 51

446 83 388 120 CXXXVI.

144 205 979 96 L'eſprit, qui fait tous tes membres mouoir

148 270 981 98 Au doulx concent de tes qualitez ſainctes,

140 339 851 85 A eu du Ciel ce tant heureux pouoir

146 401 1086 90 D'enrichir l'Ame, ou Graces tiennent ceinctes

144 466 939 88 Mille Vertus de millɇ aultres enceinctes,

148 540 1075 81 Comme tes faictz font au monde apparoiſtre.

211 598 962 86 Si tranſparent m’eſtoit ſon chaſte cloiſtre

150 669 730 84 Pour reuerer ſi grand' diuinité,

150 732 1073 92 Ie verrois l’Amɇ enſemblɇ & le Corps croiſtre,

146 799 786 90 Auant leur temps, en leur eternité.

379 868 459 145 CXXXVII.

150 1000 964 99 Ce bas Soleil, qui au plus hault fait honte,

148 1078 805 87 Nous à daingné de ſa rare lumiere,

157 1138 993 99 Quand ſa blancheur, qui l'yuoire ſurmonte,

152 1207 828 97 A eſclercy le brouillas de Fouruiere:

150 1272 860 88 Et ſ'arreſtant l'vne, & l'aultre riuiere,

159 1343 844 80 Si grand' clarté ſ'eſt icy demonſtrée,

159 1406 1069 84 Que quãd mes yeulx l'ont ſoubdain rencõtrée,

148 1473 979 82 Ilz m’ont perdu au bien, qui ſeul me nuict.

217 1536 855 82 Car ſon cler iour ſerenant la Contrée,

155 1599 838 90 En ma pensée a mys l'obſcure nuict.

437 1672 459 138 CXXXVIII.

150 1793 814 86 Le iour paſſé de ta doulce preſence

159 1869 792 84 Fuſt vn ſerain en hyuer tenebreux,

157 1932 918 75 Qui fait prouuer la nuict de ton abſence

152 1990 1061 92 A l'œil de l’ane eſtrɇ vn temps plus vmbreux,

155 2057 1077 122 Que n'eſt au Corps ce mien viurɇ encõbreux,

1125 2133 111 102 Qui
