1590 2521
353 94 73 113 62

666 77 366 107 DELIE.

355 203 843 95 Qui maintenant me fait de ſoy refus.

355 334 938 94 Comme le Lieurɇ accroppy en ſon giſte,

418 271 806 90 Car dès le poinct, que partie tu fus,

357 399 934 88 Ie tendz l'oreillɇ, oyant vn bruyt confus,

365 460 875 98 Tout eſperdu aux tenebres d’Egypte.

679 544 378 117 CXXXIX.

370 668 828 92 Tant me fut lors cruellement piteuſe

357 737 806 88 L’affection, qui en moy ſ'eſtendit,

361 796 993 103 Que quand la voix hardiɇ, & puis honteuſe

363 867 934 82 Voulut reſpondrɇ, vn ſeul mot ne rendit:

363 945 854 65 Mais, ſeulement ſouſpirant, attendit,

361 993 919 86 Que lon luy diſt: on penſes tu attaindre?

412 1054 1024 93 Ainſi veoit on la torchɇ en main ſ'eſtaindre,

361 1126 877 88 Si en temps deu on laiſſɇ a l’eſmouoir,

355 1186 978 93 Qui, esbranléɇ vn bien peu, ſans ſe faindre

361 1254 823 88 Fait ſon officɇ ardent a ſon pouoir.

782 1334 193 126 CXL.

363 1462 909 80 Delia ceinctɇ, hault ſa cottɇ attournée,

361 1521 1048 88 La trouſſɇ au col, & arc, & ſleſchɇ aux mains,

359 1592 810 88 Exercitant chaſtement la iournée,

363 1657 1088 84 Chaſſɇ, & prẽt cerfz, biches, & cheureulx maĩts.

435 1728 902 72 Mais toy, Deliɇ, en actes plus humains

361 1783 993 82 Mieulx composée, & ſans violentz dardz,

374 1852 911 89 Tu venes ceulx par tes chaſtes regardz,

363 1915 905 95 Qui tellement de ta chaſſe ſ'ennuyent:

365 1978 1081 95 Qu'eulx tous eſtantz de toy ſainctement ardz,

368 2044 921 111 Te vont ſuyuant, ou les beſtes la fuyent.

1335 2107 118 98 cxlj.
