1599 2514
1161 98 81 101 63

494 875 241 141 CXLI.

136 990 1004 91 Le bon Nocher ſe monſtrɇ en la tempeſte,

136 1055 955 93 Et le Souldart au ſeul conflict ſeprœuue:

134 1125 897 85 Auſsi Amour ſa gloirɇ, & ſa conqueſte

136 1187 895 90 Par fermeté en inconſtancɇ eſprœuue.

148 1252 1065 97 Parquoy ſouuẽt en maintz lieux il me trœuue

138 1324 844 79 Ou audeuant me preſentɇ vn obiect

138 1386 809 74 Auec ſi doulx, & attrayant ſubiect,

138 1456 918 94 Que ma penséɇ, a peu pres ſ'y tranſmue,

138 1510 943 98 Bien que ma foy, ſans ſuyure mon proiect,

138 1577 846 101 Cà, & là tournɇ, & point ne ſe remue.

494 1659 285 96 CXLII.

136 1772 869 98 Le Veſprɇ obſcur a tous le iour clouit

136 1837 1062 105 Pour ouurir l’Aulbe aux limbes de ma flãme:

136 1904 792 98 Car mon deſir par ta parollɇ ouyt,

148 1971 992 100 Qu'en te donnant a moy, tu m'eſtois Dame.

196 2034 763 117 Lors ie ſentis diſtiler en mon ame

1005 2109 202 130 Le bien
