1590 2521
386 98 70 99 64

708 75 360 116 DELIE.

380 186 989 106 Le bien du bien, qui tout aultre furmonte.

380 264 999 97 Et neantmoins, aſſes loing de mon compte,

378 331 764 82 Pitié te feit tendrement proferer

380 397 991 96 Ce doulx nenny, qui flamboyant de honte,

382 460 903 100 Me promit plus qu’onc n’oſay eſperer.

778 539 340 124 CXLIII.

386 663 909 89 Sainctɇ Vnion pouoit feulɇ accomplir

382 735 825 86 L'intention, que ſa loy nous donna,

382 802 915 90 Comme toy ſeulɇ auſsi debuois ſupplir

382 871 940 72 Au bien, qu’a deux elle meſmɇ ordonna.

443 930 825 80 A luy & Corps, & Foy abandonna:

384 993 835 84 A moy le Cœur, & la chaſte pensée.

384 1060 766 82 Mais ſi ſa part eſt ores diſpensée

384 1136 924 71 A recepuoir le bien, qu’Amour deſpart,

386 1191 983 84 La miennɇ eſt mieulx en ce recompensée,

389 1254 984 94 Quɇ apres Amour, la Mort n’y aura part.

746 1327 385 137 CXLIIII.

382 1447 867 105 Qui ce lien pourra iamais diſſouldre,

389 1525 824 82 Si la raiſon a ce nous contraingnit?

384 1586 949 86 Amour le noud laſſa, & pour l'abſouldre

389 1657 860 82 Foy le noua, & le temps l'eſtraingnit.

458 1726 938 80 Premier le Cœur, & puis l’Ame ceingnit

389 1781 936 88 En noud ſi doulx, & tant indiſſoluable,

395 1855 953 90 Qu’oultre le bien, qui me tien redeuable,

389 1918 759 90 I’eſpereray en ſeurɇ indamnité,

389 1981 868 92 Et preuueray par effect ià prouuable

391 2046 763 126 En Terre nom, au Ciel eternité.

1356 2111 124 107 cxlv
