1588 2514
1132 116 57 68 65

505 73 277 105 CXLV.

119 192 948 92 L'heur de noſtrɇ heur enflambant le deſir

130 270 906 88 Vnit doublɇ amɇ en vn meſme pouoir:

123 333 896 77 L'vne mourant vit du doulx deſplaiſir,

123 389 869 86 Qui l'autrɇ viuɇ à fat mort receuoir.

186 465 831 83 Dieu aueuglé tu nous as fait auoir

119 530 837 71 Sans aultrement enſemble conſentir,

117 592 774 80 Et poſſeder, ſans nous en repentir,

117 655 793 101 Le bien du mal en effect deſirable:

119 722 948 92 Fais que puiſsions auſsi long temps ſentir

119 787 772 103 Si doulx mourir en vie reſpirable.

511 869 315 109 CXLVI.

117 997 999 84 De la mort rudɇ a bon droit me plaindrois,

117 1066 933 79 Qui a mes vœutz tendit oreilles ſourdes:

121 1129 911 84 Contre l’Aueuglɇ auſsi ne me faindrois,

117 1189 883 88 Pyrouettant ſur moy ſes fallebourdes,

125 1261 858 79 Si par fortunɇ en ſes trauerſes lourdes

125 1324 804 71 Ne fuſt ma ioyɇ abortiuement née.

201 1386 772 74 La fin m'auoit l'heure determinée

123 1447 781 92 Amour ſoubdain l'effect executa:

186 1514 632 88 Occaſion ſeule predeſtinée

127 1573 739 105 Cauſa le brief, qui me perſecuta.

459 1665 359 111 CXLVII.

130 1778 962 99 Non tant me nuict ceſte ſi longuɇ abſence

127 1849 858 93 Que mal me feit le bref departement.

127 1916 837 91 Car le preſent de l'heureuſe preſence

127 1979 810 86 Euſt le futeur deceu couuertement.

205 2056 940 89 Vous, ô haultz cieulx veites apertement,

744 2122 455 109 e 1 Qu'onques
