1576 2517
411 102 65 116 66

682 100 371 88 DELIE.

396 178 978 117 Qu'onques en moy ne penſay d’approcher

392 272 990 84 Le bien que i'ay touſiours eu ſur tout cher:

394 329 810 86 Auſsi par vous la Fortune benigne

392 392 1003 96 Le me feit veoir, & preſqu’au doigt toucher,

396 461 957 101 M’en retirant, comme ſans vous indigne.

753 543 409 134 CXLVIII.

396 654 806 96 Bien fortuné celuy ſe pouuoit dire,

388 725 934 90 Qui vint, affin qu’en voyant il vainquiſt:

390 797 1030 102 Mais plus grand heur le ſort me deut aſcrire,

394 859 825 89 Qui tel ſouhaict ineſperé m’acquit,

396 924 873 78 Me ſubmettant celle, qui me conquit

388 987 919 95 A transformer ſon ſauluagɇ en humain.

451 1059 1007 86 Non que ne ſoit trop plus, qu’a ce Romain,

390 1115 1074 99 Mon chemin aſprɇ, auſsi de plus grand' gloire.

379 1185 1027 94 Car en vainquant tumber deſſoubz ſa main,

390 1254 900 103 M’a eſté voye, & veue, & puis victoire.

793 1342 321 94 CXLIX.

384 1451 870 99 A Cupido ie fis maintz traictz briſer

386 1526 938 89 Sans que ſur moy il peut auoir puiſſance,

386 1583 812 97 Et pour me vaincrɇ il ſe va aduiſer

390 1659 852 71 De ſon arc mettrɇ en ton obeiſſance:

453 1711 999 76 Point ne faillit, & i'en euz congnoiſſance,

388 1776 885 97 Bien que pour lors fuſſe ſans iugement.

390 1847 860 91 Et toutesfois i’apperçeuz clerement,

392 1917 1003 86 Que tes ſourcilz eſtoient d’Amour les arcz.

451 1977 942 93 Car tu nauras mon cœur trop aſprement

379 2034 1068 128 Par les longz traictz de tes perceanz regardz.

1374 2091 78 140 cl.
