1588 2514
1199 129 57 70 67

606 923 128 88 CL.

134 993 833 100 Comme des raiz du Soleil gracieux

132 1068 883 103 Se paiſſent fleurs durant la Primeuere,

134 1137 856 90 Ie me recréɇ aux rayons de ſes yeulx,

134 1196 925 102 Et loing, & près autour d'eulx perſeuere.

132 1263 843 96 Si que le Cœur, qui en moy la reuere,

130 1330 908 96 La me fait veoir en celle meſmɇ eſſence,

130 1395 876 98 Que feroit l'Oeil par ſa belle preſence,

132 1458 1028 100 Que tant iɇ honnorɇ, & que tant ie pourſuys:

192 1520 936 95 Parquoy de rien ne me nuyt ſon abſence,

132 1579 1044 130 Veu qu'en tous lieux,maulgré moy, ie la ſuys.

560 1703 186 92 CLI.

121 1780 850 101 Celle pour qui ie metz ſens, & eſtude

121 1858 808 84 A bien ſeruir, m'à dit en ceſte ſorte:

130 1923 851 98 Tu voys aſſes, que la grand ſeruitude,

125 1981 1016 101 Ou lon me tient, me rend en ce poinct morte.

180 2046 894 116 Ie penſe donc, puis qu'elle tient ſi forte

855 2149 112 65 e 2

1109 2136 95 84 La
