1576 2514
370 106 80 111 68

672 106 357 99 DELIE.

377 211 878 99 La peine, qu'à le ſien corps ſeulement,

381 284 880 82 Qn'elle croira, que mon entendement,

379 347 888 90 Qui pour ellɇ à cœur, & corps aſſeruy,

387 410 824 88 Me fera dirɇ eſtre ſerf doublement,

379 486 853 83 Et qu’en ſeruant i’ay amour deſeruy.

779 567 226 82 CLII.

385 676 729 84 Le ſouuenir, ame de ma pensée,

383 741 780 88 Me rauit tant en ſon illuſif ſonge,

385 808 891 88 Que, n'en eſtant la memoyrɇ offensée,

389 873 843 86 Ie me nourris de ſi doulce menſonge.

454 942 973 80 Or quand l’ardeur, qui pour elle me ronge,

383 999 918 88 Contre l’eſprit ſommeillant ſe hazarde,

389 1068 1057 90 Soubdainement qu’il ſ’en peult donner garde,

389 1131 870 84 Ou qu’il ſe ſent de ſes flammes greué,

389 1198 878 84 En mon penſer ſoubdain il te regarde,

389 1261 868 96 Commɇ au deſert ſon Serpent eſleué.

758 1347 271 132 CLIII.

396 1460 850 92 En toy ie vis, ou que tu ſois abſente:

391 1533 874 84 En moy ie meurs, ou que ſoye preſent.

398 1596 966 86 Tant loing ſois tu, touſiours tu es preſente:

391 1665 962 82 Pour pres, que ſoye, encores ſuis iɇ abſent.

452 1726 671 84 Et ſi naturɇ oultragée ſe ſent

391 1791 1073 90 De me veoir viurɇ en toy trop plus, queu moy:

387 1856 956 90 Le hault pouoir, qui ouurant ſans eſmoy,

389 1919 891 94 Infuſe l’amɇ en ce mien corps paſsible,

389 1981 872 88 La preuoyant ſans ſon eſſencɇ en ſoy,

389 2053 1017 104 En toy l’eſtend, comme en ſon plus poſsible.

1328 2115 136 82 cliiij.
