1588 2514
1134 117 82 105 69

451 98 299 98 CLIIII.

123 211 808 90 Amour ſi fort ſon are roidɇ enfonſa

125 289 919 83 Pour eſprouuer deſſus moy ſa puiſſance,

123 349 930 86 Que quand le traict delaſché ſ'abſonſa

119 412 1013 84 Au fondz du cœur d'entiere congnoiſſance.

125 473 860 84 Sa poinctɇ entra au dur de reſiſtance:

121 548 902 88 Et là tremblant, ſi grand coup à donné,

119 615 841 72 Qu'en ſ'arreſtant, le creux à reſonné

123 680 732 78 De pensée alors de cures vuyde.

184 752 913 73 Dont mon eſprit de ce troublɇ eſtonné,

119 808 1001 92 Commɇ inſenſɇ, a toutɇ heurɇ oultrecuyde.

532 892 204 132 CLV.

119 1003 869 90 Donc admirant le graue de l'honneur,

121 1068 894 96 Qui en l'ouuert de ton front ſeigneurie,

119 1137 831 86 Ie priueray mon ſort de ce bon heur,

127 1213 764 77 Que ie me fains en ma ioye perie?

119 1273 959 88 Ny pour eſpoir de mieulx, qui me ſupplie,

119 1344 929 74 Si hault pourſuyurɇ en ſon cours ceſſera?

186 1395 768 90 Iamais tel loz ſon plus ne laiſſera,

121 1466 936 86 Pour ſ’amoindrir a aultres biens friuoles:

123 1525 724 86 Et pour ſoulas a ſon trauail ſera

123 1588 873 96 L’Ambre ſouef de ſes haultes parolles.

516 1667 234 143 CLVI.

119 1793 862 84 Le doulx ſommeil de ſes tacites eaux

125 1860 739 82 D'obliuion m'arouſa tellemnent,

127 1927 923 82 Que dela merɇ, & du filz les ſlambeaux

123 1983 816 97 Ie me ſentois eſtainctz totallement,

130 2051 702 111 Ou le croyois: & ſpecialement,

820 2143 119 63 e 3

1082 2124 126 109 Que
