1590 2512
347 142 55 65 70

680 81 348 151 DELIE.

335 200 756 109 Que la nuict eſt a repos inclinée.

408 282 832 96 Mais le iour vint, & l'heure deſtinée,

343 351 807 84 Ou, reuirant, mille foys ie mouruz,

347 414 819 80 Lors que vertu en ſon zelɇ obſtinée

347 479 943 107 Perdit au Mondɇ Angleterrɇ, & Morus.

710 558 280 107 CLVII.

354 688 953 86 Voy que l'Hyuer tremblant en ſon ſeiour,

347 749 1050 90 Aux chãps tous nudz ſont leurs arbres failiz.

349 816 962 77 Puis le Printemps ramenant le beau iour,

347 877 1083 79 Leur ſont bourgeõs, fueilles, fleurs, ſruictz ſail¬

1321 950 101 130 (liz:

410 944 815 83 Arbres, buiſſons, & hayes, & tailliz

347 1006 849 88 Se creſpent lors en leur gaye verdure.

427 1069 938 92 Tant que ſur moy le tien ingrat froit dure,

354 1134 827 82 Mon eſpoir eſt denué de ſon herbe:

349 1197 989 86 Puis retournant le doulx Ver ſans ſroidure

356 1266 886 107 Mon An ſe friſɇ en ſon Auril ſuperbe.

710 1354 345 102 CLVIII.

356 1469 817 94 Et Helicon, enſemblɇ & Parnaſus,

356 1540 850 88 Hault Paradis des poetiques Muſes,

364 1605 804 75 Se demettront an ce bas Caucaſus:

356 1668 938 79 Ou de Venus les troys fainctes Meduſes

356 1731 712 86 Par le naif de tes graces infuſes

356 1783 974 119 Confeſſeront (toutesfoys ſans contraincte)

360 1863 808 77 La Deité en ton eſprit empraincte

368 1921 976 86 Threſor des Cieulx, qui ſ'en ſont deueſtuz

356 1992 915 82 Pour illuſtrer Naturɇ a vicɇ aſtraincte,

356 2051 762 151 Orɇ embelliɇ en tes rares vertus.

1317 2128 117 90 clix.
