1588 2517
1151 94 55 59 71

526 872 241 82 CLIX.

117 966 787 110 Ou ſa bonté par vertu attractiue,

123 1044 781 92 On ſa vertu par attrayant bonté,

130 1101 860 94 Moytié bon gré, & viue forcɇ actiue,

132 1168 835 98 M’à tellement a ſon plaiſir dompté,

127 1231 869 100 Que i'ay permis ſon vouloir ià monté

127 1296 907 92 Sur le plus hault de ma fermeté croiſtre:

136 1357 845 96 Et là ſ’eſtendrɇ, & a tous apparoiſtre

136 1434 879 78 Pour ma deffencɇ, & contre ma ruyne.

201 1466 1009 121 Mais comme puis a l'eſprœuue cõgnoiſtre,

140 1562 766 97 Son amytié, peu a peu, me ruyne.

532 1652 202 88 CLX.

142 1759 827 101 Aumoins peulx tu en toy imaginer,

146 1829 1060 94 Quellɇ eſt la foy, qu’Amour en mon cœur lye.

148 1896 854 92 Car, luy croiſſant, ou il deburoit finer,

163 1956 887 84 Tout aultre bien pour le tien ellɇ oblie:

151 2019 956 139 Ne pour eſpoir de mieulx, qui me ſupplie,

786 2099 428 90 e 4 Touſiours
