1578 2512
381 94 69 79 72

702 69 402 100 DELIE.

389 169 1012 111 Touſiours ellɇ eſt plus loyallɇ en ſa prœuue.

379 314 962 92 En celle craincte, ou pertɇ vne mort liure,

448 247 863 94 Parquoy alors que fermeté ſe trœuue

379 374 987 94 Plus nuict la peur du mal a qui l'eſprœuue,

379 439 809 98 Que la douleur a qui ià ſ'en deliure.

773 517 251 138 CLXI.

379 638 911 100 Ie ſens le noud de plus en plus eſtraindre

379 722 807 77 Mon amɇ au bien de ſa beatitude,

387 774 1050 103 Tant qu’il meſt mal qui la puiſſe conſtraindre

375 841 700 82 A delaiſſer ſi doulce ſeruitude.

444 906 825 88 Et ſi n'eſt fieburɇ en ſon inquietude

375 973 767 90 Augmentant plus ſon alteration,

379 1042 670 84 Que fait en moy la variation

375 1099 934 96 De ceſt eſpoir, qui, iour & nuict, me tente.

442 1163 620 86 Quelle ſera la delectation,

381 1224 891 98 Si ainſi doulcɇ eſt l’vmbre de l'attente?

771 1351 281 97 CLXII.

377 1433 819 88 Mortɇ eſperancɇ au giron de pitié,

377 1503 725 81 Mouroit le iour de ma fatalité,

375 1567 679 80 Si le lyen de ſi ſainctɇ amytié

373 1626 802 82 Ne m'euſt reſtraint a immortalité:

373 1689 863 94 Non qu'en moy ſoit ſi hauſte qualité,

375 1756 737 92 Que l'immorteé d’elle ſe raſſaſie.

433 1819 715 94 Mais le grillet, ialouſe fantaſie,

377 1884 968 96 Qni ſans ceſſer chante tout ce, qu’il cuyde,

366 1955 788 94 Et la pensée, & l'Ame ayant ſaiſie,

368 2011 841 115 Me laiſſe vif a ma doulcɇ homicide.

1297 2099 128 68 clxiij
