1588 2517
1116 94 56 82 73

402 73 363 101 CLXIII.

119 180 841 109 La Mort eſt paſlɇ, & Cupido tranſi:

115 255 1066 95 La Parquɇ aueuglɇ, & l'enfant n'y voit point.

115 327 887 79 Atropos tuɇ, & nous prent ſans mercy,

119 398 978 76 L’archier occit, quand il luy vient a point.

121 457 934 82 Par eux en fin chaſcun ſe trœuue poinct,

121 524 873 80 Comme de poinctɇ & l'vn l’autre tire.

195 587 990 90 Mais, quãt a moy, pour m’oſter de martyre

121 654 911 92 I'ayme trop mieulx a la Mort recourir.

127 734 804 75 Car qui vers toy, ô Amour, ſe retire,

125 790 936 86 Sans cœur ne peult a ſon beſoing mourir.

516 859 369 135 CLXIIII.

125 990 835 83 Ce froit tremblant ſes glacées friſons

125 1052 934 86 Cuyſant le Corps, les mouelles conſume.

125 1122 825 81 Puis la chaleur par ardentes cuyſons

121 1182 831 84 Le demourent violemment eſcume.

190 1254 816 71 Lors des ſouſpirs la cheminée fume,

140 1317 984 75 Tant qu’au ſecours vient le doulx ſouuenir,

132 1378 881 83 Qui doublɇ eſtaint a ſon bref ſuruenir,

134 1445 954 81 Souſpeçonant a ma paix quelque ſoyſme.

195 1508 927 86 Et quand i’ay penſɇ, & le cuyde aduenir,

132 1577 1007 86 Ma fiebure r'entrɇ en plus grand parociſme.

518 1657 270 130 CLXV.

127 1772 863 88 Eſtre ne peult le bien de mon malheur

127 1841 798 88 Plus eſleué ſur ſa triſte Montioye.

134 1912 793 84 Que celuy là, qui eſtaint la douleur

132 1965 958 98 Lors que ie deuſſɇ augmenter en ma ioye.

195 2047 937 92 Car a toutɇ heure il m'eſt aduis, que i'oye

891 2107 304 86 e 5 Celle
