1578 2512
362 106 84 78 74

693 92 388 106 DELIE.

360 196 819 86 Celle parler a ſon heureux Conſort:

362 257 853 92 Et le doulx ſon, qui de ſa bouche ſort,

356 318 828 92 Me fait fremir en ſi ardente doubte,

360 385 836 92 Que deſdaingnant & la loy, & le ſort,

364 452 977 83 Tout hors de moy du droit ie me deboute.

664 531 320 111 CLXVI.

356 648 765 88 Me rauiſſant ta diuinɇ harmonie

356 724 970 81 Souuentesfois iuſques aux Cieulx me tire:

358 795 870 75 Dont tranſporté de ſi doulce manye,

364 858 914 81 Le Corps treſſuɇ en ſi plaiſant martyre,

366 921 929 81 Que plus i'eſcoute, & plus a ſoy m’attire

364 985 752 76 D'vn tel concent la delectation.

429 1059 731 71 Mais ſeulement celle prolation

358 1117 943 80 Du plus doux nom, que proferer ie t'oye,

358 1174 888 79 Me confont tout en ſi grand' paſsion,

364 1239 870 83 Que ce ſeul mot fait eclipſer ma ioye.

712 1297 354 145 CLXVII.

354 1438 962 96 L’air tout eſmeu de ma tant longue peine

356 1515 855 78 Pleuroit bien fort ma dure deſtinée:

356 1576 760 77 La Biſe auſsi auec fa fortɇ alaine

358 1641 798 77 Refroidiſſoit l'ardente cheminée.

358 1703 890 80 Qui, iour & nuict, ſans fin dererminée

354 1773 1037 81 M’eſchaulfe l’Amɇ, & le Cœur a tourment,

358 1844 1008 81 Quand mon Phœnix pour ſon esbatement

364 1900 788 82 Deſſus ſa lyrɇ a iouer commença:

362 1963 1092 84 Lors tout ſoub dain en moins, que d'vn mo¬

1284 2034 170 82 (ment,

352 2028 781 115 L’air ſ'eſclaircit, & Aquilon ceſſa.

1276 2099 172 92 clxviij.
