1588 2517
1103 111 63 75 75

415 880 398 133 CLXVIII.

98 992 776 84 Si de ſa main ma fatalɇ ennemye,

100 1061 852 80 Et neantmoins delices de mon Ame,

104 1128 951 82 Me touchɇ vn rien, ma penséɇ endormye

96 1187 940 88 Plus, que le mort ſoubz ſa peſante lame,

117 1250 1072 92 Treſſaultɇ en moy, comme ſi d’ardent flamme

109 1317 973 84 Lon me touchoit dormant profondement.

167 1378 911 90 Adonc l’eſprit poulſant hors roidement

113 1447 816 86 La veult fuyr, & moy ſon plus affin,

111 1512 824 88 Et en ce poinct (a parler rondement)

113 1577 791 103 Fuyant ma mort, i’accelere ma fin.

478 1663 308 103 CLXIX.

109 1780 797 82 Eſtes vous donc, ô mortelz esbays

113 1854 837 79 De ſi eſtrange, & tant nouelle choſes?

169 1915 701 88 Ellɇ à le Ciel ſerainé au Pays,

111 1975 1088 88 Pour mieulx troubler la paix en mõ cœur cloſe.

113 2034 914 122 Et ſon doulx chant (ſi au vray dire l'oſe,

1113 2112 80 88 Et
