1578 2512
364 94 82 86 76

729 87 375 90 DELIE.

362 198 886 99 Et ſans me plaindrɇ il me faille parler)

366 267 769 90 A tranquillé la tempeſte par l’air

364 332 792 88 Pour l’enuoier prendre poſſeſsion

364 404 702 81 En ma pensée, & là renoueller

368 458 836 96 Ma tempeſteuſɇ, & longue paſsion.

762 544 262 127 CLXX.

366 665 786 92 Seul auec moy, ellɇ auec ſa partie:

368 730 977 86 Moy en ma peinɇ, ellɇ en ſa molle couche.

368 793 969 92 Couuert d'ennuy ie me voultrɇ en l'Ortie,

368 862 805 86 Et elle nuɇ entre ſes bras ſe couche.

431 921 870 92 Hà (luy indignɇ) il la tient, il la touche:

377 990 936 85 Elle le ſouffrɇ; &, comme moins robuſte,

379 1050 754 90 Violɇ amour par ce lyen iniuſte,

373 1115 924 86 Que droict humain, & non diuin, à faict.

427 1180 853 94 O ſaincte loy a tous, fors a moy, iuſte,

379 1247 884 96 Tu me punys pour ellɇ auoir meffaict.

762 1322 298 134 CLXXI.

366 1448 669 101 Oſerois tu, ô Ame de ma vie,

364 1521 834 90 Ce mien meritɇ a celluy tranſporter,

364 1588 864 82 A qui l'honneur du debuoir te conuie

373 1657 871 95 Treſpriuément tes ſecretz r’apporter?

433 1724 937 90 Vueilles (aumoins preſent moy) te porter

364 1785 918 90 Moins domeſtiquɇ a ſi grand loyaulté:

364 1848 891 94 Et recongnoy, que pour celle beaulté,

364 1911 1071 92 Dõt les haultz dieux t'ont richemẽt pourueue,

370 1984 897 88 Les cieulx ialoux de ſi grand priuaulté

362 2049 914 100 Auecques moy iectent en bas leur veue.

1276 2101 165 105 clxxij.
