1588 2517
1134 106 74 82 77

463 83 355 99 CLXXII.

127 190 963 103 De ce bien faict te doibs iɇ aumoins louer,

125 272 829 92 Duquel ie notɇ & le lieu, & la place,

127 348 917 77 Ou, tout tremblant, tu m’ouys deſnouer

125 398 963 92 Ce mortel noud, que le cœur n'entrelaſſe.

180 471 847 86 Ie te vy lors, comme moy, eſtre laſſe

125 539 873 75 De mon trauail, plus par compaſsion,

130 608 849 82 Que pour ſentir celle grand' paſsion,

123 671 942 88 Que i’ay encor, non toutesfoys ſi grande.

127 736 754 88 Car eſtaingnant mon alteration,

134 797 879 94 Tu me receus pour immoléɇ offrande.

421 876 405 95 CLXXIII.

127 1000 999 90 Comme corps mort vagant en haulte Mer,

125 1065 997 80 Esbat des Ventz, & paſſetemps des Vndes,

132 1134 939 74 I'errois flottant parmy ce Gouſſrɇ amer,

127 1197 955 76 Ou mes ſoucys enflent vagues profondes.

192 1258 982 94 Lors toy, Eſpoir, qui en ce poinct te fondes

132 1334 881 69 Sur le confus de mes vaines merueilles,

132 1390 902 78 Soubdain au nom d'elle tu me reſueilles

130 1455 822 92 De ceſt abyſme, auquel ie periſſoys:

132 1522 818 90 Et a ce ſon me cornantz les oreilles,

142 1583 959 101 Tout eſtourdy point ne me congnoiſſoys.

434 1686 436 88 CLXXIIII.

136 1797 1055 88 Mes pleurs clouantz au firont ſes triſtes yeulx,

125 1864 932 78 A la memoirɇ ouurent la veuɇ inſtante,

136 1927 954 82 Pour admirer, & contempler trop mieulx

134 1994 797 84 Et ſa vertu, & ſa formɇ elegante.

203 2057 919 97 Mais ſa haulteſſɇ en mageſté preſtante,

1113 2112 105 100 Par
