1592 2506
405 85 52 94 78

729 68 346 122 DELIE.

396 202 884 86 Par moy, ſi bas, ne peult eſtrɇ eſtimée.

394 265 884 85 Et la cuydant aut vray bien exprimée

392 327 901 90 Pour tournoyer ſon moins, ou enuiron,

399 405 839 79 Ie m’apperçoy la memoyrɇ abiſmée

394 465 809 88 Auec Dathan au centre d’Abiron.

745 547 335 121 CLXXV.

399 662 758 93 Tout iugement de cellɇ infinité,

388 730 863 90 Ou tout concept ſe trouue ſuperflus,

388 797 646 96 Et tout aigu de perſpicuité

386 862 1078 86 Ne pourroyent ioindrɇ au ſommet de ſon plus.

449 927 854 85 Car ſeulement l’apparent du ſurplus,

382 1000 944 75 Premiere neigɇ en ſon blanc ſouueraine,

380 1054 881 84 Au pur des mains delicatement ſaine,

376 1119 743 81 Ahontiroyt le nud de Berſabée:

382 1184 737 83 Et le flagrant de ſa ſuaue alaine

380 1250 718 88 Apouriroyt l'odorante Sabée.

689 1309 372 154 CLXXVI.

382 1449 773 88 Viuacité en ſa ieuneſſɇ abſconſe,

373 1524 778 77 Docilɇ eſprit, obiect de la Vertu,

373 1585 863 87 L’oracle fut ſans doubteuſe reſponſe,

380 1656 746 81 Qui mon certain à ainſi debatu,

371 1716 941 88 Qu’apres auoir conſtamment combatu,

371 1783 782 77 Ce mien trauail iamais ne ceſſera.

438 1846 963 81 Donc aultre Troyɇ en moy commencera

376 1919 829 75 Sans recouurer ma deſpouille rauie,

369 1975 740 75 Commɇ elle ſeule à eſté, & ſera

371 2038 815 102 Mort de ma mort, & vie de ma vie.

1249 2100 200 107 clxxvij.
