1594 2514
1159 92 59 92 79

513 892 418 86 CLXXVII.

115 999 912 86 Toutes les fois qu'en mon entendement

119 1064 881 86 Ton nom diuin par la memoire paſſe,

113 1127 883 77 L'eſprit rauy d'vn ſi doulx ſentement,

109 1192 887 77 En aultre viɇ, & plus doulce treſpaſſe:

106 1261 936 81 Alors le Cœur, qui vn tel bien compaſſe,

109 1324 880 81 Laiſſe le Corps preſt a eſtrɇ enchaſſé:

109 1380 818 82 Et ſi bien à vers l'Ame pourchaſſé,

113 1449 983 101 Que de ſoymeſmɇ, & du corps il ſ'eſtrange.

171 1512 781 94 Ainſi celuy eſt des ſiens dechaſſé,

106 1590 934 86 A qui Fortunɇ, ou heur, ou eſtat change.

471 1663 466 100 CLXXVIII.

111 1774 920 94 Vous, Gantz heureux, fortunée priſon

106 1843 785 99 De liberté vouluntairement ſerue,

104 1910 728 88 Celez le mal auec la gueriſon,

104 1967 1085 107 Cõme voſtrɇ vmbrɇ en ſoy touſiours conſerue

106 2040 860 103 Et froit, & chault, ſelon que ſe reſerue

979 2124 206 82 Le libre
