<?xml version="1.0" encoding="UTF-8"?>
<alto xmlns:xsi="http://www.w3.org/2001/XMLSchema-instance"
      xmlns="http://www.loc.gov/standards/alto/ns-v4#"
      xsi:schemaLocation="http://www.loc.gov/standards/alto/ns-v4# http://www.loc.gov/standards/alto/v4/alto-4-2.xsd">
  <Description>
    <MeasurementUnit>pixel</MeasurementUnit>
    <sourceImageInformation>
      <fileName>84.jpg</fileName>
      
    </sourceImageInformation>
  </Description>
  
  <Tags>
    <OtherTag ID="BT2399" LABEL="MarginTextZone" DESCRIPTION="block type MarginTextZone"/><OtherTag ID="BT2398" LABEL="MainZone" DESCRIPTION="block type MainZone"/><OtherTag ID="BT2397" LABEL="GraphicZone" DESCRIPTION="block type GraphicZone"/><OtherTag ID="BT2396" LABEL="DropCapitalZone" DESCRIPTION="block type DropCapitalZone"/><OtherTag ID="BT2404" LABEL="TitlePageZone" DESCRIPTION="block type TitlePageZone"/><OtherTag ID="BT2403" LABEL="StampZone" DESCRIPTION="block type StampZone"/><OtherTag ID="BT2402" LABEL="RunningTitleZone" DESCRIPTION="block type RunningTitleZone"/><OtherTag ID="BT2401" LABEL="QuireMarksZone" DESCRIPTION="block type QuireMarksZone"/><OtherTag ID="BT2400" LABEL="NumberingZone" DESCRIPTION="block type NumberingZone"/>
    <OtherTag ID="LT1269" LABEL="DropCapitalLine" DESCRIPTION="line type DropCapitalLine"/><OtherTag ID="LT844" LABEL="HeadingLine" DESCRIPTION="line type HeadingLine"/><OtherTag ID="LT843" LABEL="DefaultLine" DESCRIPTION="line type DefaultLine"/>
  </Tags>
  
  <Layout>
    <Page WIDTH="1587"
          HEIGHT="2511"
          PHYSICAL_IMG_NR="83"
          ID="eSc_dummypage_">
      <PrintSpace HPOS="0"
                  VPOS="0"
                  WIDTH="1587"
                  HEIGHT="2511">
        
        <TextBlock HPOS="383"
                   VPOS="111"
                   WIDTH="68"
                   HEIGHT="53"
                   ID="eSc_textblock_f5db088c"
                   TAGREFS="BT2400">
          <Shape><Polygon POINTS="383 111 383 164 451 164 451 111"/></Shape>
          
          
          <TextLine ID="eSc_line_0f407b11"
                    TAGREFS="LT843"
                    BASELINE="395 150 440 150" 
                    HPOS="391"
                    VPOS="79"
                    WIDTH="48"
                    HEIGHT="103">
            <Shape><Polygon POINTS="393 148 391 81 437 79 439 148 437 182 391 179"/></Shape>
	    <String CONTENT="80"
                    HPOS="391"
                    VPOS="79"
                    WIDTH="48"
                    HEIGHT="103"></String>
          </TextLine>

          
        </TextBlock>
        
        <TextBlock HPOS="708"
                   VPOS="94"
                   WIDTH="422"
                   HEIGHT="76"
                   ID="eSc_textblock_163ba140"
                   TAGREFS="BT2402">
          <Shape><Polygon POINTS="708 94 708 170 1130 170 1130 94"/></Shape>
          
          
          <TextLine ID="eSc_line_3b2b9dd7"
                    TAGREFS="LT844"
                    BASELINE="726 148 1118 154" 
                    HPOS="722"
                    VPOS="62"
                    WIDTH="396"
                    HEIGHT="113">
            <Shape><Polygon POINTS="726 148 726 62 783 75 1118 75 1118 154 1111 175 1082 165 969 169 860 173 858 173 722 156"/></Shape>
	    <String CONTENT="DELIE."
                    HPOS="722"
                    VPOS="62"
                    WIDTH="396"
                    HEIGHT="113"></String>
          </TextLine>

          
        </TextBlock>
        
        <TextBlock HPOS="377"
                   VPOS="203"
                   WIDTH="1104"
                   HEIGHT="1934"
                   ID="eSc_textblock_14496e38"
                   TAGREFS="BT2398">
          <Shape><Polygon POINTS="377 203 386 2137 1104 2133 1310 2030 1481 1298 1481 203"/></Shape>
          
          
          <TextLine ID="eSc_line_f4874863"
                    TAGREFS="LT843"
                    BASELINE="393 257 1210 253" 
                    HPOS="387"
                    VPOS="173"
                    WIDTH="823"
                    HEIGHT="99">
            <Shape><Polygon POINTS="393 257 387 196 410 184 410 184 410 184 412 184 412 184 414 184 414 184 414 184 458 192 485 175 487 175 487 175 487 175 489 175 489 175 492 175 596 177 596 177 596 177 598 177 598 177 600 177 600 177 600 179 617 192 720 175 720 175 722 175 722 175 722 175 793 192 862 173 864 173 864 173 866 173 937 173 937 173 937 173 940 173 940 173 940 173 975 192 1094 192 1124 173 1126 173 1126 173 1128 173 1128 173 1128 173 1130 173 1130 173 1130 173 1205 192 1210 253 1205 272 391 265"/></Shape>
	    <String CONTENT="Le libre vueil de neceſſairɇ aiſance."
                    HPOS="387"
                    VPOS="173"
                    WIDTH="823"
                    HEIGHT="99"></String>
          </TextLine>

          
          
          <TextLine ID="eSc_line_91591c10"
                    TAGREFS="LT843"
                    BASELINE="395 382 1386 391" 
                    HPOS="393"
                    VPOS="315"
                    WIDTH="993"
                    HEIGHT="99">
            <Shape><Polygon POINTS="395 382 395 315 525 328 619 320 623 320 623 320 626 320 626 320 628 320 628 320 628 320 628 320 651 332 856 332 866 324 873 320 875 320 875 320 875 320 877 320 877 320 877 320 879 320 879 320 917 326 958 332 1019 328 1099 322 1101 322 1101 322 1101 322 1103 322 1103 322 1126 330 1138 334 1153 330 1178 324 1180 324 1180 324 1182 324 1383 336 1386 391 1383 414 1191 414 1189 412 1189 412 1187 412 1187 412 1187 412 1185 412 1185 410 1168 401 1105 410 1099 410 1099 410 1097 410 1097 410 1094 410 1094 410 1094 410 1094 410 1067 397 981 397 971 405 971 408 971 408 969 408 969 408 969 408 967 408 967 408 967 408 967 408 965 408 965 408 963 408 963 408 963 408 963 408 940 397 835 405 833 405 833 405 833 405 831 405 831 405 831 405 829 405 814 395 766 405 755 408 755 408 755 408 753 408 753 408 751 408 751 408 751 408 749 408 747 405 728 395 669 395 657 405 655 408 655 408 655 408 653 408 653 408 651 408 651 408 651 408 649 408 649 408 649 408 646 408 638 405 600 393 548 403 538 405 538 405 538 405 535 405 535 405 521 403 458 393 393 401"/></Shape>
	    <String CONTENT="Dedens vous entrɇ, &amp; ſort ſa blanche main,"
                    HPOS="393"
                    VPOS="315"
                    WIDTH="993"
                    HEIGHT="99"></String>
          </TextLine>

          
          
          <TextLine ID="eSc_line_b9468504"
                    TAGREFS="LT843"
                    BASELINE="471 318 1283 322" 
                    HPOS="466"
                    VPOS="251"
                    WIDTH="817"
                    HEIGHT="92">
            <Shape><Polygon POINTS="471 318 471 253 663 265 699 257 720 251 722 251 722 251 722 251 724 251 724 251 770 257 793 261 810 259 862 251 862 251 864 251 864 251 864 251 866 251 866 251 866 251 868 251 881 261 893 269 948 269 958 261 969 253 969 253 971 253 971 253 973 253 973 253 973 253 975 253 975 253 1074 263 1107 267 1122 265 1182 253 1182 253 1182 253 1185 253 1185 253 1187 253 1187 253 1187 253 1189 253 1189 253 1189 255 1201 267 1203 269 1283 269 1283 322 1279 343 466 334"/></Shape>
	    <String CONTENT="Mais tout ainſi, qu&#39;a ſon obeiſſance"
                    HPOS="466"
                    VPOS="251"
                    WIDTH="817"
                    HEIGHT="92"></String>
          </TextLine>

          
          
          <TextLine ID="eSc_line_500688ab"
                    TAGREFS="LT843"
                    BASELINE="397 449 1149 449" 
                    HPOS="395"
                    VPOS="382"
                    WIDTH="754"
                    HEIGHT="86">
            <Shape><Polygon POINTS="397 449 395 393 791 382 793 382 793 382 795 382 795 382 795 382 797 382 797 382 808 393 824 385 824 385 824 385 826 385 826 385 826 385 829 385 954 395 965 395 969 395 1015 382 1017 382 1017 382 1019 382 1019 382 1019 382 1021 382 1021 382 1021 382 1023 382 1023 382 1040 395 1040 397 1149 397 1149 449 1147 468 395 462"/></Shape>
	    <String CONTENT="Ie ſortiray de l&#39;obſcure nuiſance,"
                    HPOS="395"
                    VPOS="382"
                    WIDTH="754"
                    HEIGHT="86"></String>
          </TextLine>

          
          
          <TextLine ID="eSc_line_0b664470"
                    TAGREFS="LT843"
                    BASELINE="397 510 1316 514" 
                    HPOS="395"
                    VPOS="445"
                    WIDTH="921"
                    HEIGHT="84">
            <Shape><Polygon POINTS="397 510 397 445 1314 458 1316 514 1314 529 395 529"/></Shape>
	    <String CONTENT="Ou me tient clos ceſt enfant inhumain."
                    HPOS="395"
                    VPOS="445"
                    WIDTH="921"
                    HEIGHT="84"></String>
          </TextLine>

          
          
          <TextLine ID="eSc_line_28d3e940"
                    TAGREFS="LT844"
                    BASELINE="787 615 1161 621" 
                    HPOS="783"
                    VPOS="529"
                    WIDTH="378"
                    HEIGHT="132">
            <Shape><Polygon POINTS="787 615 787 550 925 552 977 537 1011 529 1013 529 1015 529 1161 529 1161 621 1157 661 783 648"/></Shape>
	    <String CONTENT="CLXXIX."
                    HPOS="783"
                    VPOS="529"
                    WIDTH="378"
                    HEIGHT="132"></String>
          </TextLine>

          
          
          <TextLine ID="eSc_line_e3974cfb"
                    TAGREFS="LT843"
                    BASELINE="401 721 1365 726" 
                    HPOS="397"
                    VPOS="642"
                    WIDTH="968"
                    HEIGHT="94">
            <Shape><Polygon POINTS="401 721 399 661 644 642 646 642 741 648 741 648 743 648 743 648 743 648 745 648 745 648 757 659 762 661 776 659 868 642 868 642 870 642 994 644 994 644 994 644 996 644 996 644 996 644 998 644 1017 657 1027 663 1120 657 1272 646 1275 646 1275 646 1275 646 1277 646 1277 646 1302 657 1316 661 1362 657 1365 726 1360 736 397 732"/></Shape>
	    <String CONTENT="Ma Damɇ &amp; moy iouantz emmy vn pré"
                    HPOS="397"
                    VPOS="642"
                    WIDTH="968"
                    HEIGHT="94"></String>
          </TextLine>

          
          
          <TextLine ID="eSc_line_a048da16"
                    TAGREFS="LT843"
                    BASELINE="406 784 1373 790" 
                    HPOS="401"
                    VPOS="721"
                    WIDTH="972"
                    HEIGHT="84">
            <Shape><Polygon POINTS="406 784 406 724 695 732 711 724 718 721 718 721 718 721 720 721 720 721 722 721 722 721 722 721 724 721 724 721 724 721 726 721 726 721 726 724 728 724 739 734 984 726 1046 724 1048 724 1048 724 1048 724 1061 726 1105 736 1138 726 1141 726 1143 726 1143 726 1145 726 1268 726 1268 726 1268 726 1270 726 1270 726 1270 726 1272 726 1272 726 1272 726 1272 728 1283 736 1369 728 1373 790 1371 803 481 805 479 805 479 805 401 793"/></Shape>
	    <String CONTENT="Voicy tonnoirre, eſclairs, nuict, &amp; la pluye."
                    HPOS="401"
                    VPOS="721"
                    WIDTH="972"
                    HEIGHT="84"></String>
          </TextLine>

          
          
          <TextLine ID="eSc_line_e5ff83c8"
                    TAGREFS="LT843"
                    BASELINE="399 851 1356 855" 
                    HPOS="395"
                    VPOS="786"
                    WIDTH="961"
                    HEIGHT="94">
            <Shape><Polygon POINTS="399 851 399 790 623 801 638 788 640 788 640 786 640 786 642 786 642 786 644 786 644 786 644 786 646 786 646 786 649 786 649 786 649 786 655 788 672 797 801 788 854 786 856 786 856 786 856 786 858 786 858 786 864 788 893 803 908 790 908 788 908 788 908 788 910 788 910 788 912 788 912 788 912 788 914 788 914 788 917 788 919 788 971 803 1057 790 1057 790 1059 790 1059 790 1061 790 1061 790 1061 790 1088 805 1316 805 1350 788 1356 855 1354 880 1252 880 1249 878 1249 878 1247 878 1247 878 1245 878 1245 878 1224 866 1174 876 1174 876 1174 876 1172 876 1172 876 1170 876 1170 876 1141 866 1027 876 1013 876 1013 876 1011 876 1011 876 1009 876 1009 876 1009 876 1007 876 986 866 841 874 787 876 785 876 785 876 785 876 783 876 772 872 745 864 630 864 621 872 617 876 617 876 615 876 615 876 615 876 613 876 613 876 613 876 611 876 611 876 611 876 609 876 592 872 577 866 565 870 552 876 552 876 550 876 550 876 550 876 548 876 395 868"/></Shape>
	    <String CONTENT="Parquoy ſoubdain ie fuis oultre mon gré,"
                    HPOS="395"
                    VPOS="786"
                    WIDTH="961"
                    HEIGHT="94"></String>
          </TextLine>

          
          
          <TextLine ID="eSc_line_425f38b2"
                    TAGREFS="LT843"
                    BASELINE="395 916 1339 920" 
                    HPOS="391"
                    VPOS="855"
                    WIDTH="948"
                    HEIGHT="90">
            <Shape><Polygon POINTS="395 916 391 868 427 855 429 855 429 855 429 855 431 855 431 855 431 855 433 855 433 855 435 855 454 868 458 870 623 870 623 868 651 855 651 855 651 855 653 855 653 855 655 855 655 855 655 855 657 855 657 855 659 855 659 855 676 868 676 870 803 870 820 870 862 855 864 855 864 855 864 855 866 855 866 855 868 855 923 870 927 870 929 870 956 857 956 857 958 857 958 857 958 857 960 857 960 857 963 857 963 857 996 870 998 872 1048 872 1051 870 1063 857 1063 857 1063 857 1065 857 1065 857 1067 857 1067 857 1067 857 1069 857 1339 872 1339 920 1339 931 1316 943 1316 943 1316 943 1314 943 1314 943 1312 943 1312 943 1312 943 1252 931 1245 931 1243 931 1218 941 1218 941 1216 941 1216 941 1214 941 1214 941 1120 933 1109 941 1109 943 1109 943 1107 943 1107 943 1107 943 1105 943 1105 943 1105 945 1053 945 1051 943 1051 943 1048 943 1048 943 1048 943 1046 943 1046 943 1034 933 1034 931 1032 933 1011 943 1011 943 1011 943 1009 943 1009 943 1009 943 1007 943 1007 943 942 933 940 933 937 933 925 943 925 943 923 943 923 943 921 943 921 943 921 943 919 943 919 943 917 943 917 943 917 943 914 943 900 933 896 931 885 933 854 941 852 941 852 941 850 941 850 941 850 941 803 933 785 931 766 935 730 941 730 941 730 941 728 941 728 941 728 941 726 941 726 941 724 941 713 935 701 929 600 929 584 935 569 941 569 941 567 941 567 941 567 941 565 941 565 941 565 941 563 941 544 935 523 929 393 935"/></Shape>
	    <String CONTENT="Auecques moy cuydant, qu’elle ſ&#39;en fuye."
                    HPOS="391"
                    VPOS="855"
                    WIDTH="948"
                    HEIGHT="90"></String>
          </TextLine>

          
          
          <TextLine ID="eSc_line_767625ae"
                    TAGREFS="LT843"
                    BASELINE="401 983 1327 983" 
                    HPOS="401"
                    VPOS="922"
                    WIDTH="926"
                    HEIGHT="78">
            <Shape><Polygon POINTS="401 983 401 926 998 933 1009 931 1042 922 1044 922 1044 922 1046 922 1046 922 1111 933 1120 933 1122 933 1130 924 1130 922 1130 922 1132 922 1132 922 1132 922 1134 922 1134 922 1136 922 1136 922 1136 922 1138 922 1138 922 1138 922 1141 922 1141 922 1141 924 1149 933 1151 935 1327 935 1327 983 1327 991 401 1000"/></Shape>
	    <String CONTENT="Et quand ie fus au couuert, ie m’appuye"
                    HPOS="401"
                    VPOS="922"
                    WIDTH="926"
                    HEIGHT="78"></String>
          </TextLine>

          
          
          <TextLine ID="eSc_line_d2e5ac0c"
                    TAGREFS="LT843"
                    BASELINE="399 1042 1383 1048" 
                    HPOS="395"
                    VPOS="975"
                    WIDTH="988"
                    HEIGHT="96">
            <Shape><Polygon POINTS="399 1042 399 981 567 991 588 979 594 975 596 975 596 975 596 975 598 975 598 975 600 975 600 975 600 975 623 979 649 985 665 979 680 975 680 975 682 975 682 975 684 975 684 975 732 979 862 993 883 979 883 979 885 979 885 979 885 979 887 979 887 979 887 979 946 977 948 977 948 977 950 977 950 977 956 979 992 993 1044 985 1044 985 1044 985 1046 985 1268 996 1306 979 1306 979 1306 979 1308 979 1308 979 1308 979 1310 979 1383 979 1383 1048 1381 1065 776 1071 774 1071 774 1071 772 1071 734 1060 726 1058 722 1060 709 1069 707 1069 707 1069 707 1069 705 1069 705 1069 705 1071 540 1071 538 1069 395 1056"/></Shape>
	    <String CONTENT="Pour prendrɇ aleinɇ, &amp; pour auſsi la veoir."
                    HPOS="395"
                    VPOS="975"
                    WIDTH="988"
                    HEIGHT="96"></String>
          </TextLine>

          
          
          <TextLine ID="eSc_line_8c9a0cc7"
                    TAGREFS="LT843"
                    BASELINE="471 1106 1409 1111" 
                    HPOS="468"
                    VPOS="1046"
                    WIDTH="941"
                    HEIGHT="90">
            <Shape><Polygon POINTS="471 1106 471 1046 552 1060 718 1060 730 1048 730 1048 732 1048 732 1048 732 1048 734 1048 734 1048 734 1048 736 1048 736 1048 739 1048 785 1058 935 1050 937 1050 937 1050 937 1050 940 1050 940 1050 940 1050 960 1060 1002 1050 1004 1050 1004 1050 1007 1050 1082 1050 1147 1050 1147 1050 1147 1050 1149 1050 1149 1050 1149 1050 1149 1050 1170 1060 1210 1050 1212 1050 1214 1050 1214 1050 1216 1050 1285 1050 1285 1050 1285 1050 1287 1050 1287 1050 1287 1050 1289 1050 1289 1050 1289 1050 1289 1052 1300 1060 1404 1052 1409 1111 1406 1125 963 1136 960 1136 960 1136 960 1136 914 1125 910 1125 468 1125"/></Shape>
	    <String CONTENT="Mais pour le temps ne ſe voulut mouoir:"
                    HPOS="468"
                    VPOS="1046"
                    WIDTH="941"
                    HEIGHT="90"></String>
          </TextLine>

          
          
          <TextLine ID="eSc_line_c134241f"
                    TAGREFS="LT843"
                    BASELINE="406 1171 1226 1178" 
                    HPOS="404"
                    VPOS="1119"
                    WIDTH="822"
                    HEIGHT="82">
            <Shape><Polygon POINTS="406 1171 406 1119 1224 1119 1226 1178 1224 1190 1009 1201 1007 1201 1007 1201 1004 1201 1004 1201 1004 1201 1002 1201 1002 1201 1002 1199 994 1190 992 1190 404 1190"/></Shape>
	    <String CONTENT="Car l’eau par tout la fuyoit çà, &amp; là."
                    HPOS="404"
                    VPOS="1119"
                    WIDTH="822"
                    HEIGHT="82"></String>
          </TextLine>

          
          
          <TextLine ID="eSc_line_b0c88cf5"
                    TAGREFS="LT843"
                    BASELINE="404 1234 1432 1238" 
                    HPOS="399"
                    VPOS="1173"
                    WIDTH="1033"
                    HEIGHT="92">
            <Shape><Polygon POINTS="404 1234 406 1173 452 1188 502 1188 519 1175 519 1173 519 1173 521 1173 521 1173 521 1173 523 1173 523 1173 525 1173 525 1173 525 1173 527 1173 531 1175 565 1188 799 1188 841 1180 889 1173 889 1173 891 1173 891 1173 986 1182 1044 1188 1088 1184 1176 1175 1176 1175 1178 1175 1323 1188 1329 1188 1329 1188 1342 1178 1342 1175 1342 1175 1344 1175 1344 1175 1344 1175 1346 1175 1346 1175 1348 1175 1402 1175 1402 1175 1402 1175 1404 1175 1404 1175 1404 1175 1432 1190 1432 1238 1429 1257 1199 1263 1197 1263 1197 1263 1195 1263 1164 1255 1155 1253 1153 1255 1145 1261 1145 1263 1145 1263 1143 1263 1143 1263 1143 1263 1141 1263 1141 1263 1141 1265 1065 1265 1063 1263 1063 1263 1061 1263 1061 1263 1036 1255 1032 1253 1025 1255 992 1263 990 1263 990 1263 988 1263 988 1263 988 1263 986 1263 986 1263 986 1263 984 1263 984 1263 984 1261 975 1253 973 1253 969 1253 919 1263 919 1263 919 1263 917 1263 917 1263 914 1263 879 1253 870 1251 850 1253 762 1261 762 1261 760 1261 760 1261 705 1251 705 1251 705 1251 695 1259 695 1261 695 1261 693 1261 693 1261 693 1261 690 1261 690 1261 690 1263 571 1263 569 1261 399 1247"/></Shape>
	    <String CONTENT="Lors i’apperceus les Dieux du Ciel pleuuoir"
                    HPOS="399"
                    VPOS="1173"
                    WIDTH="1033"
                    HEIGHT="92"></String>
          </TextLine>

          
          
          <TextLine ID="eSc_line_9e8323f6"
                    TAGREFS="LT843"
                    BASELINE="406 1303 1459 1297" 
                    HPOS="404"
                    VPOS="1238"
                    WIDTH="1055"
                    HEIGHT="94">
            <Shape><Polygon POINTS="406 1303 404 1249 789 1251 803 1249 843 1240 843 1240 843 1240 845 1240 845 1240 914 1249 935 1251 946 1249 977 1240 979 1240 979 1240 981 1240 981 1240 1074 1249 1097 1251 1099 1249 1111 1238 1111 1238 1111 1238 1113 1238 1113 1238 1115 1238 1115 1238 1115 1238 1118 1238 1118 1238 1118 1238 1120 1238 1120 1238 1120 1238 1122 1238 1122 1238 1134 1249 1134 1251 1304 1251 1304 1249 1335 1238 1335 1238 1337 1238 1337 1238 1339 1238 1339 1238 1339 1238 1342 1238 1342 1238 1344 1238 1344 1238 1356 1249 1375 1238 1375 1238 1375 1238 1377 1238 1377 1238 1377 1238 1379 1238 1379 1238 1455 1251 1459 1297 1457 1320 1004 1320 998 1320 960 1330 958 1330 958 1330 956 1330 770 1322 762 1322 762 1322 755 1330 753 1330 753 1332 753 1332 751 1332 751 1332 751 1332 749 1332 749 1332 747 1332 404 1322"/></Shape>
	    <String CONTENT="Craingnantz ſon feu, qui tant de gentz brula."
                    HPOS="404"
                    VPOS="1238"
                    WIDTH="1055"
                    HEIGHT="94"></String>
          </TextLine>

          
          
          <TextLine ID="eSc_line_ad6dc352"
                    TAGREFS="LT844"
                    BASELINE="762 1410 1094 1410" 
                    HPOS="762"
                    VPOS="1358"
                    WIDTH="332"
                    HEIGHT="75">
            <Shape><Polygon POINTS="762 1410 762 1358 1094 1359 1094 1410 1092 1433 1019 1420 1009 1431 1007 1431 1007 1433 1004 1433 1002 1433 1000 1433 979 1429 950 1422 933 1427 914 1433 912 1433 910 1433 908 1433 906 1433 896 1424 887 1420 762 1420"/></Shape>
	    <String CONTENT="CLXXX."
                    HPOS="762"
                    VPOS="1358"
                    WIDTH="332"
                    HEIGHT="75"></String>
          </TextLine>

          
          
          <TextLine ID="eSc_line_6be49bae"
                    TAGREFS="LT843"
                    BASELINE="408 1514 1325 1508" 
                    HPOS="406"
                    VPOS="1437"
                    WIDTH="919"
                    HEIGHT="88">
            <Shape><Polygon POINTS="408 1514 406 1450 615 1454 628 1445 632 1441 632 1441 634 1441 634 1441 636 1441 636 1441 636 1441 711 1439 713 1439 713 1439 716 1439 716 1439 730 1445 747 1454 839 1454 850 1443 854 1439 854 1439 856 1439 856 1439 856 1439 858 1439 858 1439 860 1439 969 1439 969 1439 969 1439 971 1439 971 1439 971 1439 977 1441 994 1452 1009 1441 1011 1439 1013 1439 1013 1439 1013 1439 1015 1439 1015 1439 1015 1439 1134 1437 1136 1437 1136 1437 1164 1439 1235 1450 1319 1439 1325 1508 1325 1525 408 1525"/></Shape>
	    <String CONTENT="Parmy ces champs Automne pluuieux"
                    HPOS="406"
                    VPOS="1437"
                    WIDTH="919"
                    HEIGHT="88"></String>
          </TextLine>

          
          
          <TextLine ID="eSc_line_20d9321f"
                    TAGREFS="LT843"
                    BASELINE="408 1575 1256 1579" 
                    HPOS="406"
                    VPOS="1508"
                    WIDTH="850"
                    HEIGHT="80">
            <Shape><Polygon POINTS="408 1575 406 1523 533 1508 533 1508 535 1508 535 1508 538 1508 538 1508 538 1508 540 1508 540 1508 540 1510 552 1521 556 1525 657 1525 667 1519 688 1508 688 1508 688 1508 690 1508 690 1508 693 1508 693 1508 695 1508 695 1508 720 1517 736 1525 835 1525 873 1514 893 1510 896 1510 896 1510 898 1510 898 1510 898 1510 900 1510 900 1510 900 1510 902 1510 902 1510 906 1514 917 1523 925 1514 927 1514 927 1512 927 1512 929 1512 929 1512 929 1512 931 1512 931 1512 933 1512 933 1512 933 1512 946 1514 986 1523 1011 1514 1021 1510 1021 1510 1023 1510 1023 1510 1025 1510 1025 1510 1025 1510 1027 1510 1027 1510 1030 1510 1030 1510 1032 1512 1048 1525 1076 1512 1082 1510 1082 1510 1084 1510 1084 1510 1084 1510 1086 1510 1086 1510 1088 1510 1088 1510 1088 1510 1092 1512 1115 1525 1132 1512 1134 1510 1134 1510 1136 1510 1136 1510 1138 1510 1138 1510 1138 1510 1141 1510 1141 1510 1157 1512 1228 1521 1249 1510 1256 1579 1254 1588 406 1588"/></Shape>
	    <String CONTENT="Reſſuſsitant au naiſtre le doulx Ver,"
                    HPOS="406"
                    VPOS="1508"
                    WIDTH="850"
                    HEIGHT="80"></String>
          </TextLine>

          
          
          <TextLine ID="eSc_line_11c68f59"
                    TAGREFS="LT843"
                    BASELINE="408 1644 1201 1638" 
                    HPOS="401"
                    VPOS="1575"
                    WIDTH="800"
                    HEIGHT="84">
            <Shape><Polygon POINTS="408 1644 401 1596 439 1579 439 1579 441 1579 441 1579 441 1579 443 1579 443 1579 521 1594 548 1594 628 1594 634 1592 682 1577 684 1577 684 1577 686 1577 686 1577 686 1577 688 1577 724 1590 728 1592 860 1592 879 1586 931 1575 931 1575 931 1575 933 1575 933 1575 935 1575 935 1575 963 1586 969 1588 977 1586 1000 1575 1000 1575 1002 1575 1002 1575 1004 1575 1097 1575 1097 1575 1097 1575 1099 1575 1099 1575 1099 1575 1101 1575 1109 1581 1120 1588 1195 1581 1201 1638 1197 1659 406 1657"/></Shape>
	    <String CONTENT="A ſon mourir ouure le froit Hyuer"
                    HPOS="401"
                    VPOS="1575"
                    WIDTH="800"
                    HEIGHT="84"></String>
          </TextLine>

          
          
          <TextLine ID="eSc_line_c521aa48"
                    TAGREFS="LT843"
                    BASELINE="410 1709 1287 1705" 
                    HPOS="408"
                    VPOS="1642"
                    WIDTH="879"
                    HEIGHT="84">
            <Shape><Polygon POINTS="410 1709 408 1646 477 1657 579 1646 596 1646 596 1646 598 1646 598 1646 600 1646 600 1646 600 1646 602 1646 602 1646 615 1655 623 1648 626 1646 626 1644 626 1644 628 1644 628 1644 628 1644 630 1644 630 1644 632 1644 632 1644 632 1644 634 1644 644 1648 674 1657 741 1648 780 1644 780 1644 783 1644 783 1644 785 1644 785 1644 797 1648 816 1657 835 1648 852 1642 852 1642 854 1642 854 1642 854 1642 856 1642 856 1642 858 1642 858 1642 858 1642 873 1650 883 1655 950 1650 1048 1644 1051 1644 1051 1644 1107 1653 1130 1655 1136 1653 1161 1642 1161 1642 1164 1642 1164 1642 1166 1642 1166 1642 1283 1655 1287 1705 1285 1715 410 1726"/></Shape>
	    <String CONTENT="Du commun bien de naturɇ enuieux."
                    HPOS="408"
                    VPOS="1642"
                    WIDTH="879"
                    HEIGHT="84"></String>
          </TextLine>

          
          
          <TextLine ID="eSc_line_0d457527"
                    TAGREFS="LT843"
                    BASELINE="487 1772 1354 1766" 
                    HPOS="485"
                    VPOS="1713"
                    WIDTH="869"
                    HEIGHT="76">
            <Shape><Polygon POINTS="487 1772 485 1713 1350 1713 1354 1766 1354 1784 487 1789"/></Shape>
	    <String CONTENT="L’air ſ&#39;obſcurcit, &amp; le Vent ennuyeux"
                    HPOS="485"
                    VPOS="1713"
                    WIDTH="869"
                    HEIGHT="76"></String>
          </TextLine>

          
          
          <TextLine ID="eSc_line_50f53dc4"
                    TAGREFS="LT843"
                    BASELINE="410 1837 1319 1833" 
                    HPOS="406"
                    VPOS="1772"
                    WIDTH="913"
                    HEIGHT="79">
            <Shape><Polygon POINTS="410 1837 406 1778 1312 1772 1319 1833 1314 1851 408 1849"/></Shape>
	    <String CONTENT="Les arbres vertz de leurs fueilles denue."
                    HPOS="406"
                    VPOS="1772"
                    WIDTH="913"
                    HEIGHT="79"></String>
          </TextLine>

          
          
          <TextLine ID="eSc_line_78c01e98"
                    TAGREFS="LT843"
                    BASELINE="412 1902 1224 1897" 
                    HPOS="406"
                    VPOS="1837"
                    WIDTH="818"
                    HEIGHT="86">
            <Shape><Polygon POINTS="412 1902 406 1849 433 1837 433 1837 435 1837 435 1837 437 1837 1220 1839 1224 1897 1222 1912 820 1912 818 1912 808 1923 808 1923 806 1923 806 1923 806 1923 803 1923 803 1923 801 1923 410 1912"/></Shape>
	    <String CONTENT="Adonc en moy, peu a peu, diminue"
                    HPOS="406"
                    VPOS="1837"
                    WIDTH="818"
                    HEIGHT="86"></String>
          </TextLine>

          
          
          <TextLine ID="eSc_line_8d230228"
                    TAGREFS="LT843"
                    BASELINE="412 1962 1283 1966" 
                    HPOS="408"
                    VPOS="1897"
                    WIDTH="875"
                    HEIGHT="88">
            <Shape><Polygon POINTS="412 1962 412 1899 575 1910 596 1899 600 1897 600 1897 600 1897 602 1897 602 1897 605 1897 722 1897 722 1897 722 1897 724 1897 724 1897 724 1897 726 1897 726 1897 728 1899 741 1912 898 1912 996 1902 1019 1899 1021 1899 1281 1904 1283 1966 1279 1985 408 1973"/></Shape>
	    <String CONTENT="Non cellɇ ardeur, qui croit l’affection,"
                    HPOS="408"
                    VPOS="1897"
                    WIDTH="875"
                    HEIGHT="88"></String>
          </TextLine>

          
          
          <TextLine ID="eSc_line_fa9c1faf"
                    TAGREFS="LT843"
                    BASELINE="412 2029 1272 2025" 
                    HPOS="408"
                    VPOS="1973"
                    WIDTH="864"
                    HEIGHT="81">
            <Shape><Polygon POINTS="412 2029 408 1977 1266 1973 1272 2025 1272 2040 1231 2052 1228 2052 1228 2052 1226 2052 984 2044 870 2042 858 2046 841 2054 841 2054 839 2054 839 2054 839 2054 837 2054 837 2054 789 2048 762 2044 743 2048 720 2054 718 2054 718 2054 716 2054 716 2054 716 2054 688 2050 661 2044 412 2052"/></Shape>
	    <String CONTENT="Mais la ferueur, qui detient la foy nue"
                    HPOS="408"
                    VPOS="1973"
                    WIDTH="864"
                    HEIGHT="81"></String>
          </TextLine>

          
          
          <TextLine ID="eSc_line_5fc97ecf"
                    TAGREFS="LT843"
                    BASELINE="420 2092 1090 2096" 
                    HPOS="416"
                    VPOS="2036"
                    WIDTH="674"
                    HEIGHT="125">
            <Shape><Polygon POINTS="420 2092 420 2036 1088 2036 1090 2096 1088 2119 944 2125 881 2159 881 2159 881 2159 879 2159 879 2159 879 2161 757 2161 755 2159 755 2159 753 2159 676 2136 646 2140 646 2140 644 2140 644 2140 644 2140 642 2140 642 2140 640 2140 609 2121 584 2125 584 2125 584 2125 582 2125 582 2125 579 2125 579 2125 579 2125 577 2125 577 2125 577 2123 563 2111 563 2109 416 2107"/></Shape>
	    <String CONTENT="Toute gelée en ſa perfection."
                    HPOS="416"
                    VPOS="2036"
                    WIDTH="674"
                    HEIGHT="125"></String>
          </TextLine>

          
        </TextBlock>
        
        <TextBlock HPOS="1306"
                   VPOS="2100"
                   WIDTH="162"
                   HEIGHT="69"
                   ID="eSc_textblock_aeca0744"
                   TAGREFS="BT2401">
          <Shape><Polygon POINTS="1306 2100 1306 2169 1468 2169 1468 2100"/></Shape>
          
          
          <TextLine ID="eSc_line_8de81913"
                    TAGREFS="LT843"
                    BASELINE="1312 2155 1459 2155" 
                    HPOS="1312"
                    VPOS="2090"
                    WIDTH="147"
                    HEIGHT="94">
            <Shape><Polygon POINTS="1312 2155 1312 2090 1459 2090 1459 2155 1459 2174 1312 2184"/></Shape>
	    <String CONTENT="Blanc"
                    HPOS="1312"
                    VPOS="2090"
                    WIDTH="147"
                    HEIGHT="94"></String>
          </TextLine>

          
        </TextBlock>
        

        
      </PrintSpace>
    </Page>
  </Layout>
</alto>
