1594 2514
1149 71 46 121 81

432 60 369 109 CLXXXI.

125 171 919 99 Blanc Alebaſtrɇ en ſon droit rond poly,

132 249 994 84 Que maint chaynon ſuperbement coronne:

136 326 581 76 Yuoire pur en vnion ioly,

130 394 893 68 Ou maint eſmail mainte ioye ſe donne.

199 454 958 82 O quand ie voy, que ce ceinct t’enuironne,

123 509 866 85 Eſtant au corps, & au bras cordonnée

121 574 768 77 De la vertu au bleu abandonnée,

125 643 967 92 Dont Amour eſt & haultain, & vainqueur,

123 706 772 90 Ie ſuis lors ſeur, Creature bien née,

130 770 809 101 Que fermeté eſt la clef de ton cœur.

421 854 422 105 CLXXXII.

117 969 896 95 Ceinctɇ en ce point & le col, & le corps

117 1041 780 84 Auec les bras, te denotɇ eſtre priſe

119 1106 808 81 De l'harmoniɇ en celeſtes accordz,

115 1169 841 85 Ou le hault Ciel de tes vertus ſe priſe.

184 1229 745 86 Fortuné fut celuy, qui telle priſe

119 1298 1038 86 Peut (Dieux beningz) a ſon heur rencontrer.

119 1370 912 69 Car te voulant, tant ſoit peu, demonſtrer

119 1422 852 92 Deſpoir ainſi enuers moy accouſtrée,

119 1491 982 94 Non moindre gloirɇ eſt a me veoir oultrer,

121 1554 973 94 Que te congnoiſtrɇ a mon vouloir oultrée.

421 1650 403 86 CXXXIII.

119 1757 768 94 Encores vit ce peu de l'eſperance,

121 1831 950 81 Que me laiſſa ſi grand longueur de temps,

125 1887 854 90 Se  nouriſſant de ma vaine ſouffrance

132 1952 860 92 Toute confuſɇ au bien, que ie pretens.

197 2026 860 100 Et a me veoir les Aſtres mal contentz

742 2082 451 98 f 2 Inſpirent
