1587 2515
381 88 67 104 84

668 73 382 113 DELIE.

383 190 826 99 Ont demoly le fort de tous mes aiſes

389 259 1070 97 Commɇ au Faulxbourx les fumantes fornaiſes

383 326 948 95 Rendent obſcurs les circonuoyſins lieux,

381 385 916 99 Le feu ardent de mes ſi grandz meſaiſes

389 454 894 101 Par mes ſouſpirs obtenebre les Cieulx.

654 530 528 138 CLXXXVIII.

385 651 918 103 Amour me preſſɇ, & me force de ſuyure

385 718 960 99 Ce, qu’il me iurɇ eſtre pour mon meilleur.

383 783 902 97 Et la Raiſon me dit, que le pourſuyure

392 855 870 83 Communement eſt ſuyui de malheur.

448 915 908 95 Celluy deſià, m’esloingnant de douleur,

385 982 921 84 De toy m’aſſeurɇ, & ceſte me deſgouſte,

387 1045 1013 97 Qui iour & nuict deuant les yeulx me boute

389 1110 837 88 Le lieu, l’honneur, & la froide ſaiſon.

429 1163 1028 113 Dõt pour t'oſter, & moy, d'vn ſi grãd doubte,

392 1240 838 101 Fuyant Amour, ie ſuiuray la Raiſon.

683 1318 442 136 CLXXXIX.

389 1448 923 79 Quand pied a pied la Raiſon ie coſtoye,

387 1509 770 83 Et pas a pas i'obſerue ſes ſentiers,

400 1578 805 79 Elle me tournɇ en vne meſme voye

396 1641 882 88 Vers ce, que plus ie fuiroys voulentiers.

454 1701 885 84 Mais ſes effectz en leur obliquɇ entiers

389 1768 900 93 Tendent touſiours a celle droicte ſente,

387 1833 958 93 Qui pluſieursfoys du iugement ſ’abſente,

387 1898 851 84 Faignant du miel eſtre le gouſt amer:

381 1961 1034 99 Puis me contrainct quelque mal, que ie ſente,

381 2026 981 124 Et vueillɇ, ou non, a mon contraire aymer.

1337 2106 120 84 cxc.
