1594 2511
1143 100 56 90 85

527 102 201 75 CXC.

117 198 877 92 Ouy, & non aux Cæſtes contendantz

113 263 1005 101 Par maintz aſſaultz alternatifz ſ'aſſaillent:

123 343 915 81 Tous deux afin de leur gloyre tendantz

113 397 946 94 En mon cerueau efforcément trauaillent.

173 466 1022 98 Et nonobſtant, que bien peu, ou rien vaillent

115 531 850 92 Si longz effortz ſans rien determiner,

115 596 829 94 Si ſens iɇ en moy de peu a peu miner

113 659 854 88 Et la memoyrɇ, & le ſens tout confus:

161 719 1024 101 D’ailleurs l’ardeur, cõmɇ eulx, ne peult finer:

111 788 919 92 Ainſi ie ſuis plus mal, qu'oncques ne fus.

500 870 233 138 CXCI.

108 985 922 96 Mais ſi Raiſon par vraye congnaiſſance

106 1056 891 88 Admirɇ en toy Graces du Ciel infuſes:

115 1119 863 88 Et Graces ſont de la Vertu puiſſance,

111 1192 1017 82 Nous transformant plus, que mille Meduſes:

111 1253 823 82 Et la Vertu par reigles non confuſes

113 1318 749 75 Ne tend ſinon a ce iuſte debuoir,

113 1381 997 81 Qui nous contraint, non ſeulement de veoir,

117 1448 739 83 Mais d’adorer toute parfection:

115 1510 913 80 Il fauldra donc, que ſoubz le tien pouoir

113 1575 758 90 Ce Monde voyſɇ en admiration.

513 1648 276 132 CXCII.

111 1770 1022 92 Pourquoy reçoy iɇ on moy miliɇ argumentz

121 1853 769 67 Dont ma penséɇ eſt ia ſi enteſtée?

127 1906 1043 86 Veu qu'ilz me ſont mille noueaux tourmentz

123 1975 1014 75 Deſquelz mon amɇ en vain eſt mal traictée,

123 2038 804 106 M’a facɇ auſsi de larmes tempeſtée

831 2096 377 101 f 3 Treſ
