1587 2515
389 113 74 71 86

696 98 368 113 DELIE.

408 192 1042 105 Trefuainemẽt me monſtrɇ eſtrɇ a mort tainct.

396 335 889 84 Darqui Amour ſi fainctement nous rit

454 264 986 92 Las ce ſainct feu, qui tant au vif m'attainct,

398 398 903 90 Ne par rigueur, ne par mercy ſ'eſtainct:

461 465 834 86 Celle l’enflammɇ, & ceſte le nourrit.

758 563 315 95 CXCIII.

394 658 811 104 En tel ſuſpend ou de non, ou d'ouy,

394 725 1006 96 Ie veulx ſoubdain, & plus ſoubdain ie n'oſe.

392 796 872 84 L’vn me rend triſtɇ, & l’aultre reſiouy

396 867 805 80 Dependant tout de liberté encloſe.

457 930 865 78 Mais ſi ie voy n’y pouoir aultre choſe,

392 991 777 86 Ie recourray a mon aueugle Iuge.

459 1054 949 88 Refrenez donc, mes yeulx, voſtre deluge:

385 1112 898 97 Car ce mien feu, maulgré vous, reluira.

392 1175 729 86 Et le laiſſant a l'extreme reſuge,

400 1247 820 77 Me deſtruiſant, en moy ſe deſtruira.

706 1358 367 94 CXCIIII.

387 1446 860 86 Le Cœur ſurpris du froict de ta durté

387 1513 753 81 S'eſt retiré au fons de ſa fortune:

387 1573 862 91 Dont a l'eſpoir de tes glaſſons hurté,

394 1643 882 88 Tu verrois cheoir les fueilles vnɇ a vne.

448 1708 935 81 Et ne trouuant moyen, ny voyɇ aulcune

381 1773 832 83 Pour obuier a ton Nouembre froit,

385 1831 820 90 La voulenté ſe voit en tel deſtroict,

389 1896 864 90 Que delaiſséɇ & du iour, & de l'heure,

379 1967 927 91 Qu’on luy deburoit ayder a ſon endroit,

381 2035 830 121 Comme l'Annéɇ, a ſa fin ià labeure.

1310 2104 149 86 cxcv.
