1596 2511
1135 66 54 120 87

521 860 323 102 CXCVI.

161 987 871 90 Ie m’eſiouys quand ta face ſe monſtre,

159 1039 919 103 Dont la beaulté peult les Cieulx ruyner:

165 1100 1064 113 Mais quand ton oeil droit au mien ſe rẽcontre,

161 1169 821 107 Ie ſuis contrainct de ma teſte cliner:

167 1247 775 79 Et contre terre il me fault incliner,

167 1309 894 84 Comme qui veulx d'ellɇ ayde requerir,

173 1366 796 94 Et au danger ſon remedɇ acquerir,

171 1429 859 111 Ayant communɇ en toy compaſsion.

238 1491 899 109 Car tu ferois nous deux bien toſt perir.

182 1554 787 113 Moy du regard, toy par reflection.

542 1644 358 88 CXCVII.

186 1763 840 86 Plaindre prouient partie du vouloir,

190 1822 762 103 Et le ſouffrir de la raiſon procede.

194 1893 735 92 Auſsi ce mien continuel douloir

203 1954 932 94 Tous les ennuyz de toutes mortz excede.

261 2017 874 117 Car a mon Hydrɇ incontinent ſuccede

798 2088 123 84 f 4

1066 2077 199 101 Vn mal
