1587 2515
383 94 44 96 88

689 67 369 109 DELIE.

375 180 775 94 Vn mal ſoudain a vn aultre repris.

368 247 973 94 Et quand ie pensɇ ayder au Cœur ſurpris,

371 312 995 98 Ou en ſes maulx ie veulx faindrɇ vn plaiſir.

368 375 768 96 Las ie le trœuuɇ inutilement pris

375 442 872 100 Entre ſa gracɇ, & mon trop vain deſir.

696 523 400 99 CXCVIII.

371 637 853 96 Voy ce papier de tous coſtez noircy,

364 704 919 92 Du mortel dueil de mes iuſtes querelles:

362 773 874 92 Et, comme moy, en ſes marges tranſy,

362 838 983 94 Craingnant tes mains piteuſement cruelles.

450 903 889 96 Voy, que douleurs en moy continuelles

358 968 880 92 Pour te ſeruir croiſſent iournellement,

360 1033 893 96 Qui te deburoient, par pitié ſeulement,

356 1098 801 94 A les auoir agreables conſtraindre,

354 1154 887 103 Si le ſouffrir doibt ſupplir amplement,

352 1228 914 94 Ou le meritɇ oncques n’à peu attaindre.

651 1320 317 90 CXCIX.

343 1429 851 100 D'vn tel conflict en fin ne m'eſt reſté,

348 1496 834 98 Que le feu vif de ma lanterne morte,

341 1559 797 94 Pour eſclairer a mon bien arreſté

341 1626 841 94 L’obſcure nuict de ma peine ſi forte,

341 1693 925 92 Ou plus ie ſonfſrɇ, & plus elle m'enhorte

343 1752 935 107 A conſtamment pour ſi hault bien perir.

400 1823 895 98 Perir i'entens, que pour gloirɇ acquerir

335 1882 828 104 En ſon danger ie m’aſſeure tresbien:

343 1949 994 111 Veu qu’ellɇ eſtant mon mal, pour en guerir

331 2009 918 126 Certe il fault, qu'elle me ſoit mon bien.

1327 2108 67 69 cc.
