1599 2511
1144 79 61 103 89

562 89 132 84 CC.

121 184 1074 108 D'autant qu'en moy ſa valeur plus augmente,

119 267 858 86 D'autant decroiſt le remedɇ affoibly:

125 328 818 84 Et bien que ſoit mon meritɇ anobly

119 393 988 88 Du ſainct vouloir, qui ſi fort me tourmente,

121 464 925 86 L’oeil en larmoyɇ, & le cœur en lamente

117 527 858 77 Comme aſſaillyz de mortel accident.

196 592 875 88 Pource qu’eſpoir de leur bien euident,

121 654 829 86 Qui les delaiſſɇ en leurs extremitez,

121 721 822 86 Croiſſant le feu de mon deſir ardent,

125 790 743 84 Eſt Calamytɇ a mes calamitez.

535 862 174 117 CCI.

119 981 910 105 C'eſt de pitié que lors tu me deſgouſtes,

125 1054 973 92 Quand trauaillant en ce mien penſer fraile,

129 1121 848 88 Tu vois ma facɇ emperlée de gouttes

127 1186 871 79 Se congelantz menues, comme greſle.

194 1245 900 94 Car ta froideur auec mon froit ſe meſle,

125 1314 873 92 Qui me rend tout ſi triſtement dolent,

123 1378 892 88 Que, nonobſtant que mon naturel lent

121 1441 789 88 M’arguɇ aſſes, & me face blaſmer,

121 1504 804 90 Pour eſtrɇ amour vn mal ſi violent,

123 1575 779 98 Las ie ne puis patiemment aymer.

510 1671 220 103 CCII.

121 1768 929 108 Fait pareſſeux en ma longuɇ eſperance,

119 1837 841 90 Auec le Corps l'Eſprit eſt tant remis,

121 1908 862 88 Que l'vn ne ſent ſa mortelle ſouffance,

119 1966 910 88 Et l'aultre moins congnoit ſes ennemys.

175 2029 965 113 Parquoy iɇ ignore, eſtant d'eſpoir demis,

826 2107 103 104 f 5

1071 2109 124 96 Si ce
