1589 2515
389 106 67 74 90

733 79 388 120 DELIE.

394 199 813 86 Si ce mien viurɇ eſt vitupere, ou los,

383 255 920 99 Mais ie ſcay bien,que pour eſtre forclos

389 329 900 81 De ta mercy, de mon bien tu me priues:

389 391 824 86 Et par celà tu veulz, que le mal clos

396 456 945 88 Viuɇ en l'obſcur de mes triſtes Archiues.

842 565 262 88 CCIII.

392 651 928 103 Quand de ton rond le pur cler ſe macule,

400 727 794 79 Ta foy tachéɇ alors ie me preſage:

392 788 880 96 Quand, palliſſant, du blanc il ſe rccule,

394 861 914 80 Ie me fais lors de pleurs prochaines ſage.

456 920 814 88 Quand il rougit en Martial viſage,

385 982 897 88 I'ouure les ventz a mes ſouſpirs eſpaiz:

456 1045 889 88 Mais ie m'aſſeurɇ a l'heure de ma paix,

394 1112 796 80 Quand ie te voy en ta face ſeraine.

392 1175 817 86 Parquoy du bien alors ie me repais,

396 1244 815 88 Du quel tu es ſur toutes ſouueraine.

790 1314 304 142 CCIIII.

396 1444 679 85 Suffiſe toy, ô Dame, de dorer

385 1509 914 94 Par tes vertus noſtre bienheureux aage,

396 1590 748 76 Sans efſorcer le Monde d’adorer

389 1651 833 80 Si feruement le ſainct de ton image,

387 1714 1059 88 Qu’il faillɇ a maintz par vn commun dõmage

385 1777 971 88 Mourir au ioug de tes grandz cruaultez.

465 1840 866 83 N'as tu horreur, eſtant de tous coſtez

389 1909 931 84 Enuironnéɇ & de mortz, & de tombes,

392 1984 840 67 De veoir ainſi fumer ſur tes Aultez

392 2039 1081 132 Pour t'appaiſer, millɇ, & millɇ Hecatombes?

1366 2114 109 78 ccv.
