1599 2511
1192 89 53 88 91

575 899 201 101 CCV.

154 987 812 90 Deſir, ſouhaict, eſperancɇ, & plaiſir

159 1054 897 84 De tous coſtez ma franchiſɇ agaſſerent

154 1121 766 88 Si viuement, que ſans auoir loyſir

159 1180 964 83 De ſe deffendrɇ, hors de moy la chaſſerent:

159 1247 1031 90 Deſlors plus fort l’arbitrɇ ilz pourchaſſerent,

161 1316 831 81 Qui de deſpit, & d'ire tout flambant

163 1391 862 65 Combat encor, ores droit, or tumbant

165 1439 921 94 Selon qu’en paix, ou ſeiour ilz le laiſſent.

221 1504 999 96 Mais du pouoir ſoubz tel faix ſuccumbant

161 1571 925 100 Les forces, las, de iour en iour ſ'abaiſſent.

548 1663 241 86 CCVI.

169 1772 1038 86 Tes doigtz tirãtz non le doulx ſon des cordes,

165 1837 1065 92 Mais des haultz cieulx l’Angeliquɇ harmonie,

171 1899 804 90 Tiennent encor en telle ſymphonie,

167 1962 785 92 Et tellement les oreilles concordes,

161 2031 950 120 Que paix, & guerrɇ enſemble tu accordes

1086 2102 150 78 En ce
