1589 2518
348 88 73 90 92

717 94 364 90 DELIE.

346 199 860 90 En ce concent, que lors ie conceuoys:

348 331 909 82 Comme le vent ſe iouɇ auec la flamme,

411 272 913 80 Car du plaiſir, qu’auecques toy i'auoys,

350 392 737 82 L'eſprit diuin de ta celeſte voix

346 459 1068 90 Soubdain m'eſtaĩct, & pl9 ſoubdain m'ẽflãme.

738 560 290 96 CCVII.

344 652 957 115 Doulcɇ ennemyɇ, en qui ma dolentɇ ame

346 742 911 91 Souffre trop plus, que le corps martyré,

346 799 1077 94 Ce tien doulx œil qui iuſqu’au cœur m'entame

348 875 691 75 De ton mourant à le vif attiré

344 937 794 84 Si viuement, que pour le coup tiré

342 990 1076 96 Mes yeulx pleurantz employent leur deffence.

409 1068 879 81 Mais n’y pouant ne force, ne preſence,

344 1120 856 92 Le Cœur criant par la bouche te prie

348 1191 787 84 De luy ayder a ſi mortellɇ offence.

413 1250 938 101 Qui touſiours ard, touſiours a l’ayde crie.

692 1366 338 86 CCVIII.

337 1441 880 94 Gant enuieux, & non ſans cauſɇ auare

333 1519 918 86 De celle doulcɇ, & molle neige blanche,

333 1586 844 86 Qui me iura deſormais eſtre franche

331 1657 750 88 La liberté, qui de moy ſe ſepare,

333 1722 846 82 Ne ſens tu pas le tort, qu’elle prepare

329 1785 833 82 Pour ſe vouloir du debuoir deſiſter?

396 1850 844 84 Comme teſmoing deburois ſoliciter,

331 1905 892 94 Qu'elle taſchaſt par honnorablɇ enuie

327 1972 932 92 De foy promiſɇ enuers moy ſ'acquitter,

329 2041 743 105 Ou canceller l'obligé de ma vie.

1276 2113 140 151 ccix.
