1599 2519
1157 109 74 113 91

521 94 248 86 CCIX.

142 188 738 97 Sans leſion le Serpent Royal vit

147 262 893 90 Dedans le chault de la flamme luiſante:

144 340 763 71 Et en l'ardeur, qui a toy me rauit,

149 388 800 90 Tu te nourris ſans offenſe cuiſante:

147 457 802 95 Et bien que ſoit ſa qualité nuiſante

153 539 952 73 Tu t’y complais, commɇ en ta nourriture.

214 587 704 78 O fuſſes tu par ta froide nature

147 652 857 86 La Salemandrɇ en mon feu reſidente:

155 715 710 91 Tu y aurois delectable paſture,

144 782 795 108 Et eſtaindrois ma paſsion ardente.

567 885 204 78 CCX.

144 986 860 95 Phebé luyſant' par ce Globe terreſtre

147 1057 659 91 Entrepoſé a ſa clarté priuée

149 1123 846 90 De ſon opaquɇ, argentin, & cler eſtre

147 1186 983 92 Soubdainement, pour vn temps, eſt priuée.

210 1251 861 94 Et toy, de qui m’eſt touſiours deriuée

149 1318 949 80 Lumierɇ, & viɇ, eſtant de moy loingtaine

149 1379 828 84 Par l'eſpaiſſeur de la terre haultaine,

144 1437 1085 105 Qui nous ſeparɇ en ces haultz Mõtz funebres.

144 1509 969 98 Ie ſens mes yeulx ſe diſſouldrɇ en fontaine,

149 1568 834 109 Et ma penséɇ offuſquer en tenebres.

533 1668 254 91 CCXI.

147 1771 914 99 Soubz doulx penſer ie me voy congeler

147 1843 985 94 En ton ardeur, qui tous les iours m’empire:

147 1906 779 94 Et ne ſe peult deſormais plus celer

151 1966 899 101 L’aultre Dodonɇ incongneuɇ a Epyre,

147 2031 970 137 Ou la fontainɇ en ſroideur beaucoup pire,

1031 2113 196 101 Qu’aux
