1589 2518
354 90 74 96 94

696 73 351 132 DELIE.

365 205 1001 86 Qu’aulx Alpes n’eſt toutɇ hyuernale glace,

358 264 1054 92 Couurɇ, & nourrit ſi grand' flammɇ en ta face,

363 337 1055 91 Qu’il n'eſt ſi froid, bien que tu ſoys plus froide,

361 398 824 78 Qu'en vn inſtant ardoir elle ne face,

356 457 875 96 Et en ton feu mourir glacé tout roide.

759 556 282 104 CCXII.

371 646 724 103 T'esbahys tu, ô Enfant furieux,

358 728 651 81 Si diligent la verité ie tente?

363 791 793 94 Et l’eſprouuant, me dis tu curieux

363 866 869 76 A rendrɇ en tout ma pensée contente?

430 927 772 86 Ie ne le fais pour abreger l’attente,

367 984 871 94 Ny pour vouloir d'eſpoir me deliurer:

367 1051 833 84 Mais ie me taſchɇ autant a captiuer

365 1116 833 84 La ſiennɇ en moy loyallɇ affection,

361 1181 896 90 Comme pour moy ie ne la veulx priuer

358 1244 735 92 De ſa naifuɇ, & libre intention.

734 1317 328 132 CCXIII.

371 1439 754 92 Viciſfitudɇ en Nature prudente,

365 1508 824 86 Puiſſant effect de l'eternel Mouent,

365 1577 820 76 Seroit en tout ſagement prouidente

371 1645 823 75 Si ſon retour retardoit plus ſouuent.

428 1708 869 83 De rien ſ'eſmeult, & ſ'appaiſe le vent,

371 1777 827 77 Qui ores ſort, & puis ores ſ'enferme.

367 1838 984 90 Mais par ce cours ſon pouoir ne m'afferme

365 1913 1020 80 L’allegement, que mes maulx auoir penſent.

434 1970 907 80 Car par la foy en ſi ſainctɇ amour ferme

361 2033 988 103 Auecques l’An mes peines recommencent.

1259 2092 180 104 ccxiiij.
