1599 2519
1109 96 71 86 95

510 873 380 94 CCXIIII.

123 990 770 86 Ce hault deſir de doulce pipperie

128 1057 844 80 Me va paiſſant, & de promeſſes large

128 1120 731 80 Veult pallier la mince fripperie

121 1181 927 93 D'eſpoir, attente, & telle plaiſant charge,

121 1249 933 90 Deſquelz ſur moy le maling ſe deſcharge,

115 1318 992 88 Ne voulant point, que ie m’en apperçoyue.

182 1381 912 88 Et toutesfois combien que ie conçoyue,

121 1437 1030 97 Que doubtɇ en moy vacilamment chancelle,

123 1509 883 94 Mes pleurs, affin que ie ne me deçoyue,

123 1578 999 97 Deſcouurent lors l’ardeur, qu'en moy ie cele.

510 1652 265 121 CCXV.

121 1777 774 89 Si ne te puis pour eſtrenes donner

123 1838 908 93 Choſe, qui ſoit ſelon toy bellɇ, & bonne,

123 1910 904 86 Et que par faict on ne peult guerdonner

130 1962 954 103 Vn bon vouloir, comme raiſon l'ordonne,

195 2031 924 116 Au moins ce don ie le preſentɇ, & donne,

1058 2126 129 80 Sans
